3542 5292
828 521 912 608 51'

312 726 481 806 „Certatim
504 717 614 792 omnes
638 718 707 793 cius
728 728 863 813 gratiam
885 725 1070 793 muneribus
1086 727 1281 793 sollicitant.“
1299 729 1403 795 Nemo

309 852 374 893 non
406 829 493 893 videt
525 829 669 893 diversos
700 829 819 914 gradus
859 827 1002 909 ardoris,
1043 850 1104 913 quo
1143 837 1403 895 testamentorum

311 939 486 1020 captatores
515 928 710 1016 Eumolpum
736 928 979 1013 adgrediuntur,
1009 931 1149 1014 permiro
1182 932 1275 1015 eique
1310 952 1403 1016 quem

311 1041 479 1118 exspectes
501 1053 633 1117 prorsus
657 1030 812 1096 contrario
835 1029 948 1093 ordine
972 1031 1222 1094 commemorari.
1263 1031 1405 1096 Primum
1470 1067 1473 1073 ι

311 1133 395 1198 euim
418 1155 559 1211 ,summo
582 1156 652 1219 eum
669 1123 869 1211 certamine&
889 1131 1006 1194 deinde
1020 1130 1197 1210 ,certati1u“
1211 1131 1427 1217 Eumolpum*

278 1270 280 1278 ι
311 1233 371 1299 sibi
395 1224 566 1299 devincere
593 1234 721 1297 student
748 1241 779 1296 et
802 1241 969 1318 postquam
993 1253 1070 1318 opes
1092 1254 1164 1296 suas
1188 1232 1221 1295 in
1242 1233 1332 1296 illum
1355 1255 1406 1297 cu·

293 1322 301 1378 3
313 1335 523 1416 mulaverunt,
548 1335 651 1418 subito
673 1335 835 1398 modestos
857 1342 956 1418 agunt
977 1357 1013 1397 ae
1034 1334 1106 1397 satis
1129 1333 1257 1415 habent,
1271 1333 1409 1398 muneri·

313 1438 370 1500 bus
394 1436 529 1520 gratiam
557 1437 622 1500 eius
642 1430 806 1520 temptare,
832 1435 920 1519 quasi
943 1435 1022 1498 haec
1043 1434 1136 1498 etiam
1157 1443 1230 1519 post
1254 1457 1407 1520 magnum

311 1534 403 1620 ¹illum
422 1535 576 1620 impetum
606 1535 702 1600 ullius
732 1535 828 1622 pretii
863 1544 980 1599 essent.
1024 1533 1237 1619 Apertissima
1266 1556 1344 1598 vero
1378 1545 1409 1598 et

313 1637 461 1700 orationis
490 1646 521 1702 et
547 1637 723 1702 sententiae
751 1637 825 1700 vitia
853 1636 886 1699 in
910 1636 959 1699 his
992 1635 1097 1700 verbis
1130 1636 1288 1701 cumulata
1316 1644 1406 1699 sunt:

312 1749 525 1823 ,exaggerata
552 1733 727 1803 verborum
757 1737 954 1802 volubilitate
985 1737 1072 1801 unde
1104 1747 1158 1801 aut
1191 1737 1243 1821 qui
1268 1759 1410 1802 essemus

314 1839 400 1904 haud
424 1839 520 1904 dubie
543 1840 745 1904 credentibus
767 1837 1005 1902 indicavimus“.
1034 1837 1131 1902 Modo
1148 1839 1231 1903 enim
1252 1837 1430 1924 legimust·

315 1943 416 2024 ,Cum
441 1941 519 2005 haec
540 1937 717 2026 Eumolpus
752 1939 875 2025 ingenti
898 1940 1071 2003 verborum
1102 1939 1300 2004 volubilitate
1331 1941 1410 2004 effu·

317 2041 460 2119 disset“,
504 2065 583 2127 quac
610 2035 709 2108 verba
740 2043 772 2105 in
809 2043 954 2107 omnibus
990 2055 1214 2129 excerptorum
1247 2046 1410 2112 codicibus

315 2134 435 2208 extant
488 2142 581 2224 Quae
615 2155 718 2210 autem
752 2145 908 2211 Bosehius
939 2168 979 2210 ex
1010 2146 1127 2228 „tribus
1163 2147 1305 2232 scriptis“
1339 2170 1413 2235 pro.—

314 2245 386 2309 mit:
416 2246 557 2330 ,ingenti
583 2229 757 2312 verborum
790 2247 873 2311 bile“
898 2247 951 2311 vel
975 2248 1092 2312 codicis
1123 2245 1290 2325 Leidensis
1314 2248 1413 2335 scrip·

268 2412 269 2419 χ
316 2355 386 2411 tura
409 2347 623 2412 aBurmanno
647 2356 891 2413 commemorata
912 2349 1052 2433 ,ingenti
1074 2347 1157 2414 bile“
1180 2350 1293 2432 procul
1316 2349 1413 2416 dubio
1461 2346 1463 2353 ⁴

316 2449 506 2513 correctoris
542 2472 635 2513 manu
674 2450 864 2534 interpolata
897 2458 977 2512 sunt
1034 2446 1097 2513 Iam
1133 2451 1209 2534 quid
1243 2451 1407 2516 molestius

315 2552 395 2635 fingi
429 2559 534 2634 potest
562 2551 622 2614 hac
658 2551 847 2636 repetitione
886 2560 1102 2636 ,exaggerata
1130 2555 1302 2616 verborum
1321 2555 1410 2617 volu-

316 2651 495 2716 bilitate‘l“·
526 2650 729 2731 Quinetiam
755 2651 919 2732 sententia,
950 2674 1030 2736 quae
1057 2652 1106 2716 his
1131 2653 1239 2719 'verbis
1263 2653 1409 2735 efficitur,

315 2753 456 2839 permira
487 2762 557 2835 est,
599 2773 639 2817 ne
676 2753 778 2816 dicam
809 2755 926 2839 inepta.
979 2752 1061 2842 Nam
1096 2753 1165 2836 quis
1194 2755 1323 2819 tandem
1352 2756 1413 2821 sibi

316 2855 509 2940 persuadeat
545 2853 628 2938 quod
668 2853 852 2940 necessario
883 2854 960 2918 inde
989 2856 1191 2939 consequitur
1224 2853 1414 2942 Encolpium

316 2944 452 3039 eiusque*
471 2954 587 3020 amicos
619 2955 682 3019 iam
712 2965 804 3020 antea
833 2955 1017 3040 priusquam
1050 2955 1084 3018 in
1115 2964 1288 3041 captatores
1324 2965 1416 3020 testa-

315 3064 497 3119 mentorum
519 3055 690 3120 inciderint
719 3056 814 3120 simili
846 3056 977 3140 linguae
1008 3056 1180 3121 mobilitate
1210 3079 1285 3121 usos
1314 3057 1412 3121 esse?

317 3155 358 3221 Et
382 3158 543 3241 quomodo
574 3156 655 3220 illud
679 3157 735 3220 tibi
757 3151 861 3242 placet
889 3156 973 3240 quod
998 3156 1115 3220 locutio
1143 3156 1198 3221 illa
1227 3158 1331 3241 ,quod
1357 3179 1413 3241 ge-

317 3279 376 3320 nus
410 3257 581 3337 ¹hominum
621 3265 675 3321 aut
709 3258 797 3321 unde
834 3256 1044 3321 veniremus“
1089 3257 1195 3322 verbis
1235 3256 1413 3343 paullulum

317 3347 441 3422 mutatis
463 3356 647 3442 repetitur?
679 3355 787 3422 Facile
810 3366 888 3443 puto
911 3357 1151 3442 epitomatorem
1173 3379 1339 3441 agnosces,
1363 3357 1416 3442 qui
1487 3420 1493 3431 ,

318 3457 545 3522 vocabulorum
569 3457 674 3541 inopia
697 3457 899 3542 inaugustias
916 3458 1070 3522 adductus
1086 3480 1166 3543 quae
1177 3459 1273 3522 modo
1287 3459 1414 3544 legerat

318 3566 468 3643 repetere
499 3579 564 3621 non
592 3557 771 3622 dubitavit
804 3555 955 3643 Denique
990 3559 1105 3622 durum
1135 3568 1182 3622 est
1213 3559 1413 3646 participium

320 3658 572 3742 „credentibus“,
594 3681 725 3745 prorsus
746 3669 850 3723 autem
873 3659 1045 3724 absurdum
1068 3660 1150 3723 illud
1170 3661 1274 3741 ,haud
1288 3660 1415 3725 dubie“.

236 3789 238 3794 s
318 3762 438 3826 Dicere
461 3760 543 3825 enim
568 3760 687 3843 voluit,
714 3761 766 3845 qui
796 3761 1000 3826 haecomnia
1022 3760 1130 3847 inepte
1165 3760 1419 3846 conglutinavit:

322 3861 562 3926 ‘Crotonienses
585 3861 740 3943 libenter,
768 3863 837 3927 sine
858 3864 925 3928 ulla
954 3863 1150 3928 dubitatione
1171 3861 1328 3947 Encolpio
1350 3881 1415 3925 ere-

322 3960 501 4043 diderunt’,
535 3963 595 4027 sed
625 3962 744 4027 infelici
774 3986 883 4029 errore
913 3964 995 4029 hane
1030 3965 1218 4028 sententiam
1247 3962 1416 4026 adsecutus

322 4072 387 4142 est,
423 4084 515 4146 quam
548 4064 686 4128 eonexui
718 4066 904 4130 narrationis
929 4060 1060 4151 prorsus
1099 4085 1283 4151 repugnare
1315 4062 1417 4148 quivis

322 4163 427 4227 videt:
461 4163 603 4230 ‘Certum
637 4176 723 4248 erat,
751 4166 847 4231 nullis
873 4166 1120 4232 dubitationibus
1143 4167 1317 4232 obnoxium
1340 4163 1419 4229 Cro-

321 4263 485 4330 tonienses
509 4265 601 4329 uobis
623 4267 818 4332 credidisse’.
1357 4257 1362 4264 ’
1410 4347 1413 4352 Α

361 4365 477 4451 Neque
501 4364 534 4429 in
548 4366 603 4448 eis,
615 4389 698 4451 quae
715 4368 818 4432 statim
831 4368 865 4432 in
884 4369 1076 4434 editionibus
1097 4376 1289 4453 sequuntur:
1313 4365 1417 4448 ,Dum

321 4467 401 4532 haee
420 4490 567 4553 magno
589 4479 776 4556 tempore
800 4469 940 4537 Crotone
955 4475 1109 4557 aguntur“
1133 4491 1243 4534 manus
1268 4468 1418 4552 epitoma·
