3542 5292
841 560 881 625 58

315 748 379 812 titio
390 748 523 834 insuper
536 747 653 811 mirum
665 745 836 810 inmedum
851 766 1009 833 expressa
1020 752 1068 809 est
1081 765 1184 831 eoque
1196 745 1326 830 gravius
1335 742 1415 809 mihi

315 847 470 935 displicet,
497 847 583 934 qued
606 869 682 933 saga
702 846 762 910 v.8
778 846 884 912 verbis
897 844 991 931 „quid
1013 844 1133 910 leviora
1154 846 1286 931 loquer“
1305 865 1339 910 se
1351 843 1416 909 iam

315 947 503 1036 gravissima
526 956 725 1013 narraturam
748 968 819 1013 esse
841 946 1039 1034 significavit.
1065 945 1132 1014 scd
1152 945 1246 1010 video
1266 966 1319 1010 me
1342 967 1416 1011 eva-

314 1058 424 1136 gatum
439 1069 509 1114 esse
522 1071 540 1112 a
552 1047 769 1134 disquisitione
794 1047 858 1128 illa,
875 1070 968 1134 quam
990 1047 1154 1135 coepimus
1176 1048 1217 1112 de
1228 1057 1415 1133 temporum

315 1149 501 1214 confusione
515 1147 690 1213 instituere.
713 1148 804 1229 Quae
826 1147 999 1212 admodum
1024 1147 1196 1234 conspicua
1221 1155 1267 1211 est
1287 1170 1317 1210 v.
1330 1146 1371 1209 14
1383 1145 1416 1210 in

314 1248 420 1315 verbis
438 1249 589 1330 „Proteus
617 1270 687 1314 esse
711 1249 794 1314 solet
814 1248 971 1335 quidquid
983 1248 1085 1315 libet“.
1107 1249 1255 1314 Profecto
1278 1247 1338 1313 dici
1357 1248 1415 1312 vix

314 1359 420 1439 potest
442 1373 535 1435 quam
556 1372 616 1433 per
638 1371 672 1414 se
696 1349 839 1436 ineptum
861 1350 901 1414 sit
922 1350 1112 1416 vocabulum
1133 1349 1258 1430 „solet“.
1303 1350 1415 1434 Atque

317 1450 403 1537 qued
425 1450 529 1536 primo
550 1450 672 1537 impetu
693 1448 769 1514 inde
791 1449 913 1515 conieci
936 1450 1055 1531 „valet‘
1073 1472 1150 1514 mox
1174 1472 1285 1514 rursus
1302 1449 1415 1516 abieci.

314 1550 396 1616 Nam
418 1559 453 1614 ut
472 1558 592 1614 taceam
622 1551 682 1615 hac
715 1550 896 1615 coniectura
926 1551 1082 1637 ingratam
1111 1549 1335 1636 repetitionem
1364 1550 1412 1614 in·

317 1649 404 1731 ferri,
427 1650 597 1737 -paullo
630 1650 713 1714 enim
735 1659 827 1714 antea
854 1650 940 1715 idem
962 1650 1152 1717 vocabulum
1174 1659 1348 1738 usurpatur
1375 1689 1415 1700 -

320 1751 479 1839 quidquid
510 1751 700 1838 temptabis,
737 1751 835 1817 nullis
868 1750 1021 1816 machinis
1057 1751 1237 1838 praesentia
1270 1761 1417 1840 tempora

318 1852 435 1934 „solet‘
456 1860 487 1917 et
506 1852 617 1933 „liber
638 1875 794 1940 perquam
815 1853 949 1918 molesta
971 1875 1111 1938 unquam
1132 1854 1322 1919 removebis.
1346 1853 1417 1922 Sed

318 1956 454 2019 fortasse
487 1954 573 2019 dices
608 1955 687 2019 haee
719 1954 788 2041 ipsa
821 1962 966 2040 tempora
1000 1955 1170 2019 concitatae
1193 1964 1419 2041 portentorum

320 2055 525 2142 descriptioni
539 2055 698 2143 aptissima
713 2077 784 2120 esse
800 2055 899 2141 idque
913 2063 1041 2142 poetam
1054 2055 1099 2120 eis
1121 2055 1251 2121 efficere
1264 2056 1417 2138 voluisse,

318 2166 355 2223 ut
384 2157 518 2221 Proteus
551 2165 699 2241 tanquam
726 2156 818 2220 vivus
839 2157 1082 2242 produceretur.
1126 2156 1257 2237 Audio,
1288 2166 1319 2221 at
1337 2179 1417 2243 quo-

320 2257 415 2322 modo
439 2280 510 2322 cum
530 2258 590 2322 hac
611 2257 734 2322 ratione
759 2257 935 2339 conveniet,
953 2258 1040 2344 quod
1064 2280 1141 2344 saga
1161 2257 1202 2322 de
1225 2257 1319 2324 Circe
1342 2281 1419 2345 per·

323 2360 406 2424 fecto
437 2357 850 2444 tempereloquiturv.13
898 2357 1119 2438 „Carminibus
1152 2358 1285 2444 magicis
1308 2357 1414 2426 socies

320 2457 491 2524 mutavit
514 2455 643 2539 Ulixis‘r,
667 2456 834 2522 deldedea
856 2480 966 2522 rursus
989 2458 1151 2544 praesenti
1173 2461 1415 2545 temperanti

320 2568 500 2641 „taurorum
533 2559 660 2623 flamma
689 2558 874 2644 quiescit
904 2558 1059 2645 virgineis
1093 2559 1247 2624 exstincta
1274 2559 1418 2625 sacris‘?“

321 2659 498 2728 Fatendum
530 2660 584 2726 tibi
609 2660 667 2724 erit
697 2669 823 2746 poetam
851 2660 925 2724 inde
948 2683 967 2722 a
988 2684 1017 2724 v.
1039 2662 1076 2724 11
1099 2661 1132 2724 in
1157 2660 1317 2745 eligendis
1337 2669 1419 2725 tem-

322 2761 453 2849 poribus
492 2761 617 2826 nullum
648 2785 781 2848 prorsus
814 2762 980 2827 consilium
1017 2771 1161 2827 secutum
1196 2783 1267 2827 esse
1300 2785 1337 2826 ae
1360 2762 1419 2826 mi-

321 2886 394 2927 rum
423 2865 454 2927 in
483 2862 614 2927 modum
636 2862 838 2948 fluctuare1).
884 2863 968 2929 Huic
990 2862 1138 2927 orationis
1171 2862 1245 2926 vitio
1281 2862 1421 2930 alterum

323 2963 457 3044 adcedit,
480 2963 582 3028 levius
606 2962 750 3049 quidem,
781 2964 840 3028 sed
861 2964 948 3041 haud
970 2963 1156 3049 indignum,
1181 2964 1268 3051 quod
1286 2963 1419 3028 adnote-

323 3073 382 3129 tur.
420 3064 552 3151 Vulgari
575 3063 659 3129 enim
680 3066 751 3130 usui
769 3073 931 3153 repugnat
952 3064 1123 3151 singularis
1145 3086 1301 3131 numerus
1322 3089 1352 3129 v.
1378 3067 1419 3130 11

322 3164 517 3246 „Taurorum
548 3166 711 3231 flamma
744 3167 878 3253 quiescit
888 3172 913 3245 ;“
933 3166 1093 3253 pluralem
1123 3187 1245 3253 ponere
1277 3166 1419 3232 debebat

324 3277 427 3356 poeta.
451 3269 489 3333 cf.
511 3267 606 3332 Ovid.
627 3267 836 3354 Metamorph.
861 3267 950 3348 Vlll,
975 3268 1037 3331 210
1073 3267 1159 3347 „Vos
1178 3267 1256 3332 mihi
1279 3277 1421 3334 tauro·

324 3395 410 3439 rum
434 3373 624 3438 flammas
646 3370 842 3447 hebetastis“.
864 3369 975 3434 Horat.
999 3369 1092 3456 epod.
1109 3370 1148 3451 V,
1170 3369 1220 3433 25.
1254 3369 1423 3456 Denique,

324 3481 358 3537 ut
378 3471 506 3537 Iahnius
536 3471 672 3550 monuit,
701 3470 782 3534 illud
803 3469 884 3534 mire
918 3491 1108 3557 expressum
1134 3477 1182 3534 est
1203 3493 1231 3531 v.
1258 3471 1293 3532 11
1320 3468 1423 3550 „Tan-

325 3583 391 3642 tum
412 3573 523 3638 dicta
543 3573 673 3638 valent‘.
717 3572 799 3638 Cum
829 3572 892 3636 hec
922 3580 1072 3658 corrupto
1104 3570 1263 3637 scribendi
1285 3590 1423 3656 genere,

328 3697 390 3761 quo
411 3673 508 3740 utitur
531 3673 752 3755 versificator,
775 3672 974 3759 singularem
997 3695 1032 3736 ac
1054 3693 1158 3758 paene
1179 3669 1351 3756 quaesitam
1367 3671 1425 3736 eb-

326 3904 528 3917 ————--

364 4053 390 4122 1)
409 4055 501 4108 lielrio
523 4056 554 4106 ad
575 4052 713 4105 claudian.
736 4051 746 4103 l
772 4054 798 4104 in
829 4051 913 4103 [tutin.
933 4048 985 4104 154
1003 4052 1051 4102 hos
1072 4068 1164 4103 versus
1185 4052 1292 4105 exhibet
1317 4052 1425 4118 „multis

329 4145 399 4196 lacis
419 4144 517 4195 veteris
537 4142 599 4193 libri
621 4142 820 4207 comparatione
842 4139 1002 4190 restitutcs“.
1029 4140 1073 4190 Sic
1094 4156 1197 4190 versum
1219 4139 1235 4192 3
1254 4141 1333 4192 talem
1353 4157 1424 4209 pro-

329 4233 381 4284 dit:
400 4229 479 4293 „Cum
501 4230 579 4294 rulo,
607 4230 731 4281 fundat
749 4225 847 4296 aquaa“
875 4244 935 4294 c.q
965 4244 985 4278 s.
1007 4243 1111 4279 versum
1131 4226 1177 4280 11:
1204 4228 1328 4293 „Tantum
1348 4230 1425 4281 dicta

331 4320 429 4384 valent,
448 4327 579 4370 taurorem
601 4325 634 4368 ut
655 4317 755 4368 damma
776 4318 944 4384 quiescat,
966 4332 1069 4366 versum
1090 4314 1140 4367 13:
1162 4318 1253 4368 socios
1272 4319 1428 4368 mutarit

330 4405 423 4460 Ulixis.
451 4406 506 4458 llisi
527 4406 635 4457 multum
657 4405 754 4469 fallor,
783 4405 832 4456 hae
852 4406 957 4471 ineptae
977 4405 1172 4472 discrepantiae
1191 4405 1248 4457 selu
1269 4407 1426 4458 coniectura

330 4499 459 4550 nituntur.
495 4493 557 4549 Trea
576 4495 683 4546 ultimos
705 4509 797 4548 tersus
817 4509 864 4545 eur
881 4493 929 4546 illc
949 4494 1070 4545 omiserit
1090 4494 1191 4546 nescio.

428 4602 602 4726 A
