3542 5292
920 545 962 607 211

394 733 441 788 011
463 747 543 811 prae
566 724 634 787 aliis
648 724 783 805 mendis,
799 726 914 809 quibus
925 724 977 788 hic
994 724 1083 790 locus
1100 726 1304 791 deformatur.
1351 729 1496 793 Primum

291 858 293 863 ·
393 825 477 888 enirn
513 826 594 888 ultra
622 825 753 888 modum
786 825 919 910 languet
947 825 1033 910 quod
1066 834 1140 913 post
1173 830 1269 891 verba
1291 827 1498 908 „missionem

391 924 611 1013 (10(1111100101
624 924 724 990 statim
739 926 938 991 adiciuntur:
963 926 1041 1007 ,1110
1057 927 1232 1008 (1111111111,
1248 950 1347 1014 prave
1362 928 1500 1016 insuper

393 1026 496 1110 posito
519 1026 609 1107 ,11101
631 1026 839 1112 pronomine,
875 1050 947 1091 cum
970 1027 1158 1092 vocabulum
1192 1049 1254 1112 quo
1285 1028 1497 1094 referendum

395 1126 437 1190 sit
470 1127 620 1212 proxime
657 1127 830 1192 antecedat.
885 1127 1014 1192 Deinde
1046 1130 1160 1193 verba:
1205 1129 1349 1213 ,Aquam
1388 1131 1497 1211 foras,

393 1227 504 1291 viuum
533 1227 634 1292 intro“
666 1225 774 1314 inepte
806 1250 909 1315 puero
938 1230 1129 1308 tribuuntur,
1151 1227 1200 1292 001
1230 1228 1380 1293 delictum
1419 1252 1496 1294 cen-

395 1327 525 1392 (1011111
552 1326 754 1392 Trimalchio.
805 1328 900 1392 Hunc
934 1328 1039 1409 enim,
1076 1351 1140 1393 non
1169 1350 1306 1415 puerum
1331 1330 1498 1394 dicterium

397 1428 477 1493 illud
514 1427 689 1514 protulisse
732 1452 803 1492 cum
850 1429 964 1493 laudes
1005 1428 1192 1515 parasiticae
1225 1430 1398 1494 ostendunt
1432 1439 1500 1495 tum

397 1531 500 1594 verba
533 1528 617 1592 clara
649 1535 743 1612 atque
775 1528 967 1615 perspicua:
1000 1529 1170 1609 ,Ceterum
1195 1529 1342 1593 laudatus
1364 1529 1502 1595 Trimal-

345 1704 351 1715 ,
396 1629 466 1694 chio
490 1629 621 1693 hilarius
652 1629 755 1694 111111.
798 1630 921 1693 Verum
952 1629 1053 1693 multe
1084 1630 1207 1694 facilius
1242 1640 1309 1711 est,
1349 1630 1501 1696 orationis

400 1730 640 1814 sententiaeque
663 1729 737 1793 vitia
759 1729 926 1815 detegere,
952 1752 1045 1815 quam
1069 1730 1263 1810 emendare,
1296 1731 1381 1816 qued
1403 1754 1502 1797 nemo

396 1830 541 1917 perficiet
574 1830 633 1894 nisi
656 1829 808 1894 meliores
837 1830 911 1896 libri
945 1829 1151 1895 adcesserint.
1203 1831 1297 1895 Licet
1321 1831 1405 1895 onim
1428 1832 1502 1897 'rri-

397 1929 582 1994 malchionis
614 1951 731 1993 nemen
767 1938 840 2016 post
868 1951 981 1994 vocem
1012 1931 1144 2009 ,iutro“
1175 1929 1286 2014 paullo
1330 1930 1503 1996 violentius

398 2029 521 2094 restitui
542 2029 661 2115 possit,
684 2038 790 2094 tamen
810 2029 935 2095 verbis:
956 2030 1035 2111 ,Ille
1059 2030 1236 2110 emissust,
1260 2030 1374 2115 quibus
1402 2030 1503 2096 inter·

397 2130 524 2218 polater
544 2129 689 2194 lacunam
715 2129 895 2216 supplevit,
918 2129 1131 2195 emendationi
1160 2130 1401 2194 fundamentum
1425 2134 1503 2196 sub-

399 2230 542 2294 trahitur.

439 2332 519 2416 Cap.
537 2331 589 2411 54,
613 2331 629 2392 1
653 2329 844 2396 Trimalchio
874 2328 916 2394 de
947 2330 1129 2416 praestigiis
1164 2330 1387 2411 circulatoriiS,
1418 2342 1502 2415 quae

399 2454 505 2496 ceram
534 2429 673 2496 convivis
704 2431 919 2511 exhibentur,
964 2430 1136 2516 ingeniose
1168 2441 1203 2495 ut
1232 2432 1315 2496 solet
1344 2431 1501 2517 loquitur,

399 2555 470 2596 eum
494 2533 597 2597 subito
620 2554 703 2618 puer
727 2533 855 2618 quidam
880 2532 921 2595 de
944 2554 1068 2597 summa
1091 2533 1174 2597 scala
1191 2533 1309 2598 decidit
1331 2542 1501 2617 totumque

399 2633 578 2697 convivium
612 2635 787 2719 perturbat.
837 2632 933 2697 Hunc
968 2656 1075 2697 casum
1107 2632 1267 2697 infelicem
1321 2632 1501 2718 Encolpius

399 2733 445 2799 sic
468 2741 586 2797 narrat:
619 2734 719 2814 ,Cum
741 2732 879 2797 maxime
901 2734 981 2797 haec
1003 2733 1128 2797 dicente
1153 2732 1243 2814 Gaio,
1266 2756 1349 2820 puer
1364 2732 1500 2797 Trimal·

400 2833 522 2899 chionis
545 2833 696 2920 delapsus
719 2838 791 2898 est“.
835 2833 901 2896 lam
917 2832 1104 2901 Schefferus
1138 2833 1298 2896 intellexit
1322 2832 1443 2918 aliquid
1467 2833 1502 2896 in

398 2934 448 2999 his
473 2935 578 2999 verbis
599 2937 758 3000 turbatum
783 2955 864 3015 esse,
887 2933 962 3019 quin
985 2932 1079 2998 etiam
1104 2933 1298 2998 emendandi
1329 2933 1412 2997 viam
1434 2932 1500 3019 sig-

401 3035 547 3116 nificavit,
562 3058 654 3121 quam
672 3035 698 3098 si
719 3034 829 3121 paullo
853 3035 957 3099 acrius
980 3033 1153 3124 institisset,
1167 3055 1289 3116 verum,
1311 3033 1398 3119 qued
1411 3033 1502 3117 quasi

399 3158 459 3225 per
480 3137 650 3222 caliginem
671 3135 765 3217 vidit,
789 3135 881 3200 facile
910 3133 1093 3200 invenisset.
1137 3135 1227 3199 Haec
1256 3135 1341 3199 enim
1371 3133 1502 3199 adnota-

398 3236 461 3303 vit:
498 3237 592 3319 ,Pest
623 3258 707 3324 puer
740 3244 818 3321 puto
856 3235 972 3300 deesse
1003 3234 1130 3320 aliqua,
1171 3257 1251 3320 quae
1281 3234 1505 3321 significabant

400 3341 527 3426 lapsum
548 3338 616 3402 eius
628 3337 722 3425 pueri
737 3337 770 3400 in
790 3337 954 3402 brachium
967 3335 1236 3402 Trimalchionis“.
1282 3336 1350 3404 Sed
1371 3357 1503 3400 sensum

399 3440 502 3523 magis
532 3459 628 3522 quam
653 3445 771 3501 certam
793 3435 949 3499 rationem
972 3443 1100 3500 secutus
1115 3444 1163 3500 est
1184 3457 1291 3521 neque
1315 3435 1504 3521 diligentius

400 3537 561 3624 inquisivit
591 3537 624 3601 in
652 3559 715 3623 quo
749 3536 904 3602 vocabulo
935 3535 1045 3599 vitium
1075 3536 1198 3600 lateret.
1247 3535 1352 3618 Quid,
1392 3534 1418 3599 si
1440 3534 1506 3600 hoe

400 3642 472 3708 leco
496 3640 649 3728 scriptum
674 3649 778 3704 esset:
810 3639 911 3722 ,Oum
932 3637 1070 3704 maxime
1102 3638 1182 3702 haee
1219 3635 1345 3700 dicente
1368 3635 1504 3700 Trimal·
1552 3717 1554 3725 Ι

403 3743 526 3824 chione,
542 3764 626 3829 puer
649 3739 1144 3826 Τ11111110111011111011111110111
1168 3760 1277 3804 nonne
1300 3739 1380 3802 hanc
1401 3738 1505 3802 nemi·

401 3845 450 3910 nis
485 3842 709 3930 repetitionem
742 3839 972 3928 ineptissimam
1005 3839 1161 3904 diceres?
1211 3839 1311 3925 Atqui
1346 3837 1507 3924 scriptura

400 3933 527 4030 vulgata
550 3943 666 4008 eedem
694 3943 763 4007 fere
784 3941 884 4021 redit,
919 3941 1067 4026 quoniam
1097 3939 1196 4006 Gaius
1221 3959 1418 4026 praenomen
1455 3947 1507 4004 011

402 4042 657 4110 Trimalchionis.
688 4042 727 4106 01.
759 4064 827 4128 cap.
850 4041 902 4121 30,
925 4040 955 4103 2.
982 4040 1035 4120 50,
1064 4041 1092 4102 1.
1113 4039 1165 4119 53,
1191 4040 1221 4102 3.
1248 4039 1298 4118 71,
1323 4037 1374 4100 12.
1399 4038 1450 4118 74,
1475 4039 1505 4102 7.

403 4143 494 4224 112.
538 4140 632 4208 Unde
654 4141 787 4228 adparet
807 4163 908 4204 unum
930 4161 973 4203 ex
993 4138 1043 4203 his
1065 4137 1248 4202 nominibus
1271 4135 1507 4201 removendum

403 4263 475 4308 esse
499 4240 597 4328 idque
620 4263 659 4307 eo
682 4239 893 4306 confidentius
918 4247 1056 4303 statuere
1080 4237 1165 4318 licet,
1190 4258 1253 4321 que
1275 4236 1393 4301 certius
1410 4235 1508 4302 etiam

403 4341 591 4407 seutentiam
602 4362 744 4405 mancam
759 4361 831 4404 csse
853 4336 1063 4404 demonstrari
1076 4344 1190 4424 petest.
1235 4336 1406 4422 Postquam
1419 4337 1507 4401 enim

401 4439 576 4529 Encolpius
599 4441 737 4505 narravit
759 4439 973 4505 conclamasse
1006 4436 1157 4503 familiam
1175 4435 1360 4522 malumque
1382 4434 1508 4500 exitum
