3542 5292
861 538 903 600 24

335 723 417 807 quit“
439 744 465 786 e.
488 744 518 808 q.
539 743 564 785 s.
590 719 702 807 ltaque
725 721 821 785 talem
835 721 905 784 fere
934 719 1082 785 orationis
1105 719 1245 806 speciem
1267 719 1439 785 desidero:

333 826 394 906 ,At
414 845 479 887 non
501 820 693 887 Trimalchio
719 819 809 910 [tam
837 819 1024 901 erudelis
1047 828 1152 901 erat,
1184 820 1438 911 sed].relaxato

333 924 366 989 in
381 923 570 990 hilaritatem
592 923 699 988 vultu“
721 944 748 988 e.
771 945 801 1009 q.
825 948 849 988 s.
873 921 1010 986 Tantum
1030 932 1135 988 autem
1159 925 1258 1005 abest,
1270 932 1306 987 ut
1325 926 1438 1006 verba,

335 1046 419 1112 quae
440 1033 515 1112 post
548 1044 666 1088 nomen
698 1022 944 1088 Trimalchionis
976 1022 1230 1102 interciderunt,
1260 1044 1312 1088 me
1344 1044 1438 1088 recu·

332 1146 465 1212 parasse
486 1123 661 1205 adfirmem,
682 1133 719 1188 ut
737 1123 814 1188 mihi
836 1145 1032 1215 persuasum
1054 1123 1094 1188 sit
1114 1122 1200 1187 hunc
1233 1123 1339 1188 locum
1366 1123 1437 1188 sine

333 1223 521 1290 melioribus
554 1223 644 1289 libris
680 1223 808 1289 omnino
844 1245 910 1287 non
942 1245 1041 1310 posse
1075 1224 1205 1289 restitui
1238 1247 1274 1289 ac
1300 1246 1436 1311 prorsus

334 1326 483 1392 fallacem
519 1346 590 1391 esse
618 1324 812 1411 Traguriani
840 1323 1038 1389 memoriam.
1081 1325 1151 1389 Aut
1184 1324 1269 1390 enim
1299 1324 1453 1399 multum⁴

334 1427 451 1508 fallor,
484 1435 539 1491 aut
568 1426 657 1513 ,qui“
676 1447 856 1512 pronomen
886 1434 1101 1490 correctorem
1124 1424 1228 1511 sapit,
1260 1424 1435 1510 quiquam

333 1525 479 1615 repperit
501 1525 535 1591 iu
554 1526 733 1613 exemplari
763 1548 821 1591 suo
857 1526 1003 1590 lacunam
1033 1525 1139 1610 aliquo
1162 1524 1259 1589 modo
1281 1523 1436 1590 resarcire

334 1629 464 1815 &Ugg-
479 1728 531 1809 50,
555 1729 583 1792 1.
605 1727 775 1809 ,Plausum
797 1736 873 1813 post
899 1727 961 1791 hoc
983 1733 1176 1790 automatum
1201 1725 1321 1790 familia
1344 1726 1433 1791 dedit

335 1839 366 1895 et
405 1828 498 1895 ‘Gaio
534 1827 681 1893 feliciter'
714 1828 942 1908 conclamavit3
981 1849 1043 1893 nec
1076 1850 1141 1892 non
1172 1849 1267 1893 cocus
1301 1826 1433 1914 potione

332 1928 507 1993 honoratus
531 1937 588 2010 est,
614 1928 709 1994 etiam
732 1937 886 2014 argentea
911 1950 1028 1993 corona
1047 1927 1266 2015 poculumque
1293 1927 1327 1991 in
1342 1927 1433 1991 lance

333 2027 457 2114 accepit
479 2027 653 2096 Corinthia.
689 2030 794 2112 Quam
818 2053 889 2095 eum
913 2031 1157 2117 Argamemnon
1190 2029 1325 2116 propius
1360 2051 1434 2094 con·

333 2127 503 2212 sideraret,
528 2130 571 2194 ait
595 2130 807 2202 Trimalchio:
842 2130 952 2199 ‘Solus
978 2155 1066 2213 sum,
1094 2131 1148 2217 qui
1168 2153 1243 2196 vera
1262 2129 1437 2196 Corinthea

332 2233 506 2299 habeam'“.
551 2232 719 2300 Scheffero
751 2234 976 2314 ,honoratus“
1007 2234 1170 2314 debetur,
1213 2232 1435 2318 Tragurianus

332 2333 534 2415 ,oneratus'“.
572 2331 683 2399 Oratio
695 2332 788 2398 nimis
802 2333 934 2399 horrida
949 2342 1044 2418 atque
1056 2334 1190 2420 abrupta
1199 2333 1299 2398 multo
1311 2333 1434 2400 facilior

334 2434 492 2515 decurret,
522 2432 549 2498 si
577 2443 696 2520 puncto
724 2433 830 2521 posito
851 2443 926 2521 post
944 2441 1057 2500 'vocem
1072 2440 1155 2515 ,estt
1176 2433 1221 2498 sie
1245 2434 1431 2521 scripseris:

331 2531 450 2614 ,Etiam
472 2543 711 2620 argenteam
734 2555 936 2599 coronam
953 2534 1190 2621 poculumque“
1212 2555 1239 2598 e.
1254 2556 1283 2619 q.
1305 2558 1330 2598 s.
1351 2533 1432 2598 For-

331 2656 414 2700 mam
427 2633 696 2714 ,corintheae
712 2636 750 2701 ab
764 2634 940 2702 editoribus
961 2643 1102 2721 spretam
1114 2634 1240 2714 retinui,
1255 2633 1329 2720 quia
1339 2656 1432 2720 prae-

332 2744 381 2799 ter
407 2735 469 2800 hoe
489 2756 590 2799 unum
612 2734 797 2821 exemplum
822 2735 856 2799 in
875 2735 927 2800 his
954 2735 1031 2821 ipsis
1060 2734 1302 2799 Trimalchionis
1324 2734 1435 2801 verbis

332 2844 446 2923 quater
467 2834 668 2920 Traguriauo
688 2834 846 2922 proditur.
890 2833 958 2900 lam
981 2856 1060 2900 vero
1083 2857 1156 2900 cum
1176 2834 1356 2922 Encolpio,
1379 2836 1436 2920 qui

331 2939 453 3002 urbane
468 2936 621 3022 loquitur,
633 2935 746 3000 usitata
764 2937 866 3000 forma
878 2935 952 3016 ,Co
964 2936 1028 3001 rin
1037 2935 1076 3000 th
1086 2936 1126 3001 iu
1137 2942 1169 3000 s“
1179 2937 1243 3002 hoo
1254 2936 1326 3002 loco
1339 2945 1435 3022 atque

332 3061 401 3125 cap.
413 3040 465 3119 31,
480 3038 500 3102 9
518 3036 708 3123 Traguriani
723 3038 905 3102 testimonio
929 3037 1095 3119 tribuatur,
1118 3043 1224 3119 ,eamt
1238 3037 1432 3102 terminatio-

332 3159 418 3219 nem,
443 3159 524 3223 quae
547 3146 699 3222 quantum
711 3136 777 3202 scio
798 3159 956 3223 nusquam
975 3137 1036 3203 nisi
1052 3137 1138 3224 apud
1158 3137 1318 3202 Isidorum
1339 3135 1433 3225 Orig.

331 3238 423 3319 Xlll,
447 3238 496 3319 16,
519 3238 548 3301 6.
571 3237 646 3317 XV,
672 3239 701 3319 1,
723 3238 775 3302 45.
797 3237 888 3319 XIV,
910 3238 941 3320 5,
964 3239 1013 3302 14.
1038 3237 1194 3319 XlV,20,
1217 3238 1237 3301 4
1257 3237 1430 3320 invenitur,

331 3338 458 3424 vulgari
479 3336 619 3403 sermoni
649 3336 811 3425 propriam
832 3339 931 3403 fuisse
958 3338 1111 3426 suspicor.
1142 3339 1246 3421 Quam
1270 3339 1358 3405 unde
1375 3339 1431 3405 lsi-

332 3439 430 3506 dorus
458 3437 600 3502 hauserit
619 3439 740 3505 nescio.

373 3537 451 3624 Oap.
474 3539 535 3619 51,
556 3539 576 3603 3
600 3538 715 3605 Narrat
733 3539 927 3607 Trimalchio
961 3542 1087 3609 fabrum
1111 3540 1269 3626 quendam
1281 3587 1292 3622 ,
1314 3539 1364 3605 cui
1386 3539 1432 3602 vi-

330 3651 414 3707 trum
439 3639 558 3704 ductile
584 3639 727 3705 iuvenire
749 3641 949 3728 contigerat,
980 3643 1153 3710 Caesarem
1184 3642 1299 3708 adiisse
1321 3641 1432 3726 ibique

331 3748 365 3804 ut
377 3739 542 3804 inventum
563 3764 656 3806 suum
668 3741 901 3829 simplicissimo
914 3743 1060 3831 periculo
1073 3745 1278 3832 probaretur,
1290 3743 1431 3830 phialam

331 3839 463 3905 vitream
485 3839 517 3904 in
537 3841 752 3928 pavimentum
776 3843 961 3930 proiecisse.
992 3845 1058 3911 Iam
1081 3844 1126 3910 sic
1144 3843 1272 3932 pergit:
1293 3842 1431 3925 ,Caesar

330 3963 396 4007 non
416 3950 493 4028 pote
514 3934 648 4009 validius
666 3966 760 4029 quam
782 3946 933 4032 expavit3
954 3955 984 4011 at
1004 3946 1060 4011 ille
1076 3945 1204 4011 sustulit
1225 3944 1365 4032 phialam
1389 3945 1430 4009 de

331 4046 433 4107 terra“
454 4061 483 4104 e.
506 4064 535 4125 q.
558 4065 584 4106 s.
606 4042 793 4109 Admodum
817 4067 953 4129 vereor,
988 4057 1025 4112 ut
1054 4049 1104 4112 cui
1135 4046 1261 4135 placeat
1289 4044 1429 4132 „ellipsis

333 4139 596 4226 elegantissima“,
617 4166 710 4230 quam
732 4146 765 4209 iu
785 4146 834 4210 his
854 4149 963 4214 verbis
984 4148 1090 4213 inesse
1105 4147 1293 4213 Schcfferns
1315 4166 1429 4233 parum

333 4238 435 4304 libero
467 4262 543 4306 usus
576 4242 693 4310 iudicio
722 4245 782 4312 sibi
813 4247 982 4334 persuasit
1039 4246 1150 4332 Itaque
1184 4245 1431 4333 circumspicere

331 4341 504 4434 praestabit
533 4345 693 4431 quomodo
726 4369 836 4414 manca
866 4348 966 4414 oratio
995 4347 1210 4433 redintegrari
1238 4347 1348 4434 possit
1391 4346 1430 4411 Id

334 4443 464 4532 quidem
485 4443 621 4513 Ioannes
649 4447 895 4516 Sarisberiensis
917 4448 1010 4516 nobis
1033 4449 1180 4533 ostendit,
1193 4449 1246 4536 qui
1269 4446 1428 4513 hancTri·
