3542 5292
865 544 906 607 23

332 727 385 811 gia
399 727 561 810 proiectus
575 725 638 790 iam
653 725 877 806 intellexeram
891 726 997 790 statuit
1006 727 1090 789 enim
1105 727 1167 789 hoc
1187 726 1293 812 ipsum
1314 748 1433 791 nomen

332 827 468 892 similem
488 827 698 892 mutationem
722 827 797 892 olim
824 837 990 914 expertam
1014 849 1095 892 esse.
1108 827 1134 914 ¹)

376 945 453 1031 Gap.
478 945 520 1013 49
532 992 541 1026 ,
565 947 582 1008 7
603 944 693 1029 ,Ego
716 945 958 1010 crudelissimae
984 943 1162 1009 severitatis
1185 966 1250 1008 uon
1273 943 1364 1030 potui
1383 965 1435 1006 me

331 1056 452 1126 tenere,
475 1047 533 1110 sed
556 1046 722 1112 inclinatus
746 1046 786 1111 ad
810 1069 921 1111 aurem
933 1045 1207 1131 Agamemnonis:
1231 1045 1363 1124 ‘Plane’,
1386 1042 1432 1106 in-

333 1169 438 1232 quam,
454 1146 516 1209 ‘hie
528 1147 624 1212 debet
640 1169 711 1210 esse
723 1169 838 1210 servus
853 1147 1085 1231 nequissimus3
1100 1145 1214 1230 aliquis
1230 1144 1434 1209 obliviscere·

332 1256 384 1310 tur
426 1268 559 1332 porcum
593 1248 813 1311 exenterare?
862 1247 936 1312 Non
978 1268 1029 1311 me
1059 1247 1217 1311 Hercules
1247 1244 1294 1309 illi
1324 1245 1432 1328 ignos-

334 1367 453 1425 cerem,
475 1346 501 1410 si
521 1345 643 1432 piscem
665 1346 940 1432 perdidisset’s—
954 1346 1175 1432 Tragurianus
1194 1344 1434 1431 ,pretorisaeffi

334 1447 514 1510 emendavit
531 1447 695 1510 Heinsius.
717 1447 833 1527 -,at
854 1469 920 1511 non
930 1445 1135 1525 Trimalchio,
1159 1445 1211 1531 qui
1234 1444 1378 1509 relaxato
1401 1443 1432 1507 in

333 1546 520 1611 hilaritatem
543 1547 650 1625 vultu;
676 1553 685 1588 ‘
698 1550 785 1633 trgo’
808 1547 927 1633 inquit“
950 1569 978 1611 e.
1001 1569 1030 1632 q.
1060 1570 1085 1611 a.
1113 1546 1223 1612 Primo
1244 1533 1355 1610 obtutu
1379 1544 1432 1608 ad·

332 1656 423 1734 paret
453 1649 551 1712 verba
577 1648 640 1728 ,At
671 1671 735 1712 non
758 1628 952 1712 Trimalchio
985 1647 1055 1732 qui“
1078 1655 1140 1710 tam
1163 1648 1296 1733 abrupte
1330 1644 1434 1731 posita

333 1770 426 1829 esse,
462 1757 498 1812 ut
524 1771 584 1835 per
604 1770 640 1812 se
669 1747 814 1834 intellegi
843 1757 1015 1833 nequeant.
1060 1745 1200 1813 Geesius
1229 1746 1329 1831 igitur
1361 1755 1434 1830 post

332 1849 567 1931 ,Trimalchio“
602 1849 796 1935 cogitatione
829 1848 1013 1913 addendum
1042 1869 1114 1913 csse
1148 1846 1272 1911 censuit
1298 1845 1434 1933 ,plenus

263 1974 264 1977 ¹
334 1958 401 2014 erat
419 1949 646 2032 crudelitatis&
669 1972 732 2035 quo
754 1958 861 2014 tamen
897 1949 1028 2014 artificio
1059 1949 1138 2013 nihil
1172 1949 1342 2014 adsecutus
1376 1957 1432 2012 est

332 2050 370 2113 ld
393 2050 522 2134 quidem
544 2049 686 2115 concedo
712 2073 786 2114 eum
809 2050 885 2135 quid
908 2050 1066 2114 sententia
1086 2049 1228 2135 requirat
1247 2058 1334 2114 recte
1360 2070 1433 2134 per-

333 2151 491 2236 spexisse,
513 2150 572 2214 sed
596 2150 666 2236 quis
689 2151 798 2215 credat
822 2150 1024 2237 Encolpium,
1048 2151 1148 2216 euius«
1162 2150 1340 2214 narratione
1353 2148 1435 2212 nihil

333 2251 447 2317 elarius
470 2259 631 2336 astatque
653 2249 844 2336 simplicius,
877 2252 938 2315 hac
960 2251 1101 2316 inaudita
1130 2251 1257 2316 dicendi
1280 2249 1435 2315 brevitate

333 2374 427 2416 usum
455 2371 537 2430 esse,
556 2372 618 2436 qua
635 2350 774 2415 narratio
797 2353 866 2416 eius
888 2374 1021 2438 prorsus
1037 2355 1173 2418 obseura
1194 2349 1331 2415 evadat?
1356 2347 1434 2416 Gra·

237 2480 243 2494 ·
335 2450 404 2515 vius
427 2473 504 2514 vero
530 2460 577 2516 est
599 2451 733 2516 alterum
757 2451 920 2532 mendum,
945 2451 1032 2537 quod
1055 2449 1174 2518 Goesio
1191 2473 1257 2514 non
1278 2450 1435 2528 suboluit3

243 2626 249 2632 .
335 2573 406 2614 nam
427 2555 516 2636 ,quit
536 2573 717 2638 pronomen
741 2574 875 2638 prorsus
895 2552 1040 2638 ineptum
1072 2560 1139 2632 est,
1175 2573 1247 2615 cum
1279 2548 1434 2615 sententia

336 2650 502 2714 manifesto
517 2650 662 2736 flagitet,
684 2660 719 2716 ut
741 2654 839 2717 rerba
861 2652 1020 2733 ,relaxato
1053 2653 1086 2716 in
1108 2651 1297 2717 hilaritatem
1329 2651 1435 2714 vultu“

336 2749 393 2830 eia,
410 2771 491 2836 quae
513 2751 722 2837 praecedunt,
739 2762 952 2838 opponantur.
977 2751 1133 2818 conferas
1149 2752 1246 2816 modo
1260 2752 1320 2816 hos
1334 2751 1433 2832 locos,

335 2872 471 2936 quorum
505 2851 584 2916 ratio
612 2873 745 2938 prorsus
779 2851 893 2917 eadem
926 2862 994 2916 est:
1029 2875 1096 2939 cap.
1120 2853 1216 2935 98,1
1251 2853 1324 2933 ,At
1353 2873 1434 2915 non

334 2974 447 3017 servus
471 2952 619 3039 publicus
650 2961 714 3016 tam
743 2951 899 3038 languide
929 2953 1014 3038 agit,
1047 2952 1121 3017 sod
1152 2960 1274 3040 raptam
1296 2951 1432 3038 cauponi

335 3054 548 3118 harundinem
575 3055 684 3119 subter
714 3053 831 3118 lectum
863 3052 978 3117 mitur.
1010 3075 1077 3140 cap.
1103 3053 1223 3134 113,2
1257 3053 1328 3134 ,At
1354 3073 1433 3116 non

334 3153 439 3240 Lycas
462 3154 542 3236 risit,
567 3153 641 3219 sed
663 3153 777 3218 iratum
798 3175 1003 3219 commovens
1025 3163 1139 3241 caput:
1164 3155 1212 3224 ‘si
1233 3155 1357 3236 iustus',
1387 3152 1434 3216 in·

342 3339 537 3347 Ἦ

371 3469 397 3534 1)
418 3467 475 3519 Non
505 3469 637 3534 persuasit
662 3468 726 3517 mihi
754 3466 958 3530 Buechelerus,
980 3481 1044 3519 nov.
1070 3465 1136 3517 llus.
1165 3465 1249 3517 Rhea.
1268 3465 1318 3516 llll
1336 3481 1362 3532 p.
1382 3464 1435 3518 639

335 3557 404 3608 illud
425 3553 617 3620 „staminatas“,
637 3555 708 3621 quod
729 3569 787 3620 cap.
805 3555 896 3619 41,l2
917 3555 1027 3622 legitur,
1046 3573 1059 3606 a
1079 3571 1148 3607 roce
1166 3549 1289 3624 σταμνὸς
1305 3555 1434 3607 derivan-

335 3647 395 3698 dum
408 3654 487 3712 atque
498 3644 536 3708 ,i“
550 3643 662 3693 litteram
678 3649 787 3709 propter
806 3642 879 3706 „mn“
892 3644 1038 3695 litterarum
1049 3659 1208 3695 coneursum
1229 3645 1354 3713 insertam
1375 3655 1434 3692 csse

335 3734 481 3785 secundum
501 3734 664 3800 antiquioris
683 3734 815 3784 sermonis
844 3733 1075 3794 cousuetudinem,
1097 3747 1173 3798 quam
1195 3730 1358 3782 Ritschelius
1377 3728 1396 3778 l.
1417 3725 1433 3776 l.

336 3822 498 3873 inlustravit.
535 3819 597 3870 Nam
617 3821 639 3870 si
660 3828 732 3872 recte
760 3822 870 3886 sentio,
890 3821 993 3889 aliquid
1013 3801 1088 3871 deest
1106 3821 1265 3884 sentcntiae,
1286 3833 1363 3886 quam
1384 3833 1432 3867 ex-

336 3910 451 3975 primere
478 3908 534 3960 ruli
563 3907 693 3971 libertns;
721 3907 802 3960 velim
829 3917 954 3960 accurate
976 3909 1092 3973 referat,
1118 3915 1243 3975 quantum
1265 3904 1377 3969 biberit,
1405 3911 1433 3954 ut

336 4082 415 4149 „lam
435 4082 503 4132 llll
529 4083 684 4134 heminas
712 4083 799 4135 duxi“.
826 4083 899 4136 Hane
918 4086 1108 4151 suspitionem,
1129 4098 1207 4152 quam
1228 4083 1353 4132 incertam
1374 4095 1433 4131 esse

335 4173 394 4236 ipse
414 4171 513 4235 sentio,
539 4187 572 4222 ue
592 4172 662 4222 iusto
681 4173 850 4224 audaciorem
871 4172 954 4230 dicas,
974 4172 1103 4224 adtendas
1120 4185 1220 4238 quaeso
1250 4165 1431 4232 „stamiuatus“

336 4257 469 4310 vocabulo
483 4260 535 4322 7,ει“
547 4257 647 4310 litteras
666 4260 831 4325 praecedere
849 4266 929 4328 atque
947 4276 1072 4311 numeros
1092 4259 1137 4310 hio
1157 4257 1215 4308 illic
1229 4254 1431 4321 iulraguriano

336 4346 433 4398 litteris
465 4351 564 4396 tanturn
591 4347 760 4414 significatos
787 4362 853 4400 esse.
902 4345 1025 4399 Ceterum
1055 4349 1107 4399 iam
1137 4344 1263 4397 Heinsius
1295 4343 1431 4394 coniecit:
1509 4383 1516 4388 .

345 4434 560 4501 „heminatas
581 4432 667 4485 duri‘t
