3542 5292
883 541 920 604 11

361 723 454 786 sine
489 723 676 805 eluvie“,
718 724 924 788 Marklandus
960 724 1000 788 ad
1023 721 1099 790 Stat.
1130 722 1200 787 silv.
1230 721 1294 803 ΠΙ,
1325 722 1362 802 2,
1392 721 1453 786 139

360 822 486 908 „Tyria
503 846 597 888 saue
622 824 719 889 diua
733 824 842 910 pha“,
862 824 920 889 sed
938 823 1114 889 rectissime
1140 831 1317 905 senserunt,
1333 821 1453 907 aliquid

363 923 549 1005 desiderari,
574 947 635 1008 quo
661 925 747 989 euius
771 925 901 1010 generis
927 926 1078 1009 cuiusque
1107 923 1201 1009 pretii
1227 932 1333 988 essent
1353 921 1453 1007 Tyria

362 1023 416 1088 illa
447 1025 690 1109 significaretur.
733 1025 844 1110 Itaque
878 1025 1023 1112 suspicor
1052 1023 1238 1089 Petronium
1270 1023 1452 1110 scripsisse:

356 1149 462 1209 „quae
494 1125 570 1211 mihi
701 1125 797 1190 cliens
836 1125 964 1210 quidam
1000 1125 1192 1204 donaverat,
1225 1145 1327 1188 vera
1352 1122 1452 1208 Tyria

322 1296 327 1304 l
360 1227 429 1290 sine
454 1225 561 1307 dubie,
585 1226 642 1290 sed
664 1226 726 1289 iam
747 1226 847 1290 semel
869 1225 966 1289 lota“.
994 1223 1065 1308 ,Sic
1088 1223 1216 1288 demum
1239 1223 1448 1309 intellegitur,

358 1327 434 1411 quid
462 1326 541 1389 illud
571 1326 662 1406 „sine
695 1326 815 1391 dubi0“
843 1327 904 1390 sibi
929 1325 1017 1407 velit,
1040 1326 1072 1389 in
1095 1348 1156 1410 quo
1179 1325 1225 1389 illi
1247 1327 1317 1388 iure
1339 1324 1449 1389 haere·

356 1431 438 1493 bant.
453 1428 490 1491 cf.
507 1450 573 1513 cap.
590 1427 640 1507 34,
657 1427 674 1489 l
696 1449 857 1506 „verum
881 1423 1118 1511 Opimianum“.
1140 1449 1208 1511 cap.
1222 1427 1272 1506 50,
1287 1426 1307 1490 3
1328 1447 1450 1506 „vera

357 1527 559 1592 Corinthea“.
583 1525 748 1592 Editiones
769 1537 842 1591 ante
866 1526 1101 1610 Tragurianum
1131 1536 1293 1613 repertum
1324 1535 1447 1591 curatae

355 1629 438 1694 hunc
459 1632 630 1694 verborum
651 1628 796 1691 ordinem
823 1629 959 1708 habent,
984 1650 1045 1713 quo
1073 1627 1125 1692 via
1158 1629 1317 1712 genuinae
1348 1627 1447 1713 scrip·

355 1739 443 1793 turae
464 1729 679 1792 restituendae
701 1750 832 1812 prorsus
854 1730 946 1792 nobis
971 1729 1212 1793 intercluditur:
1244 1727 1446 1811 „quaemihi

353 1831 447 1894 natali
466 1853 538 1894 meo
562 1831 732 1894 donaverat
761 1830 858 1894 cliens
883 1831 1043 1914 quidam“.
1088 1828 1191 1909 Quam
1220 1829 1312 1893 facile
1342 1838 1448 1895 autem

353 1937 477 2010 „vera“
492 1931 682 1995 vocabulum
705 1931 788 1995 inter
808 1933 1027 2011 „donavernt“
1050 1941 1082 1994 et
1097 1929 1242 2014 „Tyria“
1254 1929 1447 1994 intercidere

351 2033 490 2116 potuerit
523 2033 554 2094 in
578 2032 688 2096 oculos
711 2032 851 2096 incurrit.
904 2030 1054 2096 Ceterum
1085 2053 1203 2096 coenae
1233 2029 1380 2095 librarius
1414 2030 1448 2096 in

349 2130 456 2194 verbis
480 2132 616 2215 singulis
628 2131 815 2213 pluribusve
839 2133 1022 2197 omittendis
1042 2155 1105 2195 non
1128 2154 1199 2196 raro
1223 2130 1347 2211 erravit,
1361 2130 1447 2214 quod

356 2232 557 2316 corruptelae
595 2254 698 2318 genus
737 2256 806 2298 curn
843 2233 983 2298 editores
1014 2255 1078 2297 non
1111 2233 1185 2297 satis
1220 2232 1447 2312 adtendissent,

349 2333 474 2418 saepius
504 2342 629 2398 areeta
649 2334 839 2399 emendandi
870 2335 920 2398 via
941 2356 1071 2420 prorsus
1104 2336 1299 2398 aberrarunt.
1342 2332 1446 2408 Locos

351 2432 402 2518 qui
427 2434 489 2497 huc
515 2436 676 2519 pertinent
699 2459 716 2498 a
740 2434 815 2498 viris
838 2435 937 2499 doctis
961 2435 1020 2499 iam
1042 2433 1253 2520 probabiliter
1285 2441 1444 2498 correctos

348 2534 516 2617 adponam,
541 2535 682 2620 exeeptis
712 2535 756 2599 eis
785 2557 863 2620 quos
894 2559 989 2621 supra
1019 2536 1079 2599 iam
1109 2535 1227 2622 protuli
1256 2557 1298 2599 ex
1327 2555 1445 2599 coenae

349 2632 448 2696 initio.
473 2633 550 2718 Cap.
574 2635 676 2714 36,7
710 2635 908 2721 „suspicatus
942 2633 1006 2725 [nd]
1031 2636 1167 2719 aliquam
1201 2635 1443 2699 urbanitatem“.

351 2730 516 2797 Editiones
539 2743 664 2798 veteres
686 2736 775 2816 „ad“
806 2745 892 2800 recte
921 2737 1039 2800 habent
1072 2758 1112 2800 ex
1148 2736 1328 2802 coniectura
1363 2745 1442 2823 puto

345 2833 528 2917 repositum.
561 2834 639 2921 Cap.
662 2836 714 2916 37,
739 2838 755 2899 1
778 2834 1042 2927 „sciscitarilquel
1076 2859 1157 2922 quae
1188 2846 1272 2901 esset
1303 2837 1444 2901 mulier“

346 2930 514 3016 Caprae
533 2934 627 3016 „Nee
649 2937 729 3001 baec
744 2960 801 3001 sua
825 2938 946 3022 [eulpa]
969 2960 1033 3002 non
1056 2938 1244 3002 debemus“.
1271 2937 1441 3024 Cap.4o,5

343 3033 435 3115 „Nee
461 3058 523 3099 uno
548 3037 617 3100 loco
642 3038 782 3102 consistit
794 3088 804 3120 ,
831 3040 890 3103 sed
920 3041 1008 3104 venit
1039 3039 1112 3104 dem
1134 3039 1272 3121 litterae,
1298 3039 1440 3104 sednon

343 3135 411 3198 vult
431 3136 609 3201 laborare“.
640 3139 694 3207 Sic
716 3139 949 3225 Tragurianus3
971 3141 1052 3223 „sed
1073 3141 1159 3204 venit
1182 3141 1268 3221 [abit,
1292 3140 1350 3204 scit
1371 3140 1437 3225 qui]

345 3237 416 3299 dem
444 3237 595 3302 litteres“.
619 3240 664 3323 (l)
690 3239 863 3327 Capeto
876 3264 941 3324 „ne
965 3241 1033 3326 quis
1057 3242 1089 3305 in
1107 3241 1193 3305 illius
1215 3240 1313 3319 [sinu]
1330 3263 1440 3304 manus

343 3342 518 3420 tergerem.
543 3336 621 3424 Gap.
637 3340 722 3421 77,4
751 3341 948 3427 „hospitium
970 3341 1112 3426 hospites
1136 3341 1250 3426 eapit“.
1278 3339 1442 3404 Intereidit

343 3458 493 3499 numerus
516 3437 627 3520 aliquis
647 3440 735 3504 velut
747 3440 832 3523 „C“,
847 3452 880 3505 ut
901 3443 993 3506 etiarn
1017 3465 1083 3528 cap.
1100 3442 1183 3522 52,1
1207 3443 1239 3505 in
1261 3440 1310 3504 his
1333 3439 1440 3504 verbis

342 3536 467 3615 „habeo
479 3538 618 3622 scyphos
627 3542 753 3606 urnales
767 3543 950 3628 plusnrinus
964 3541 1263 3627 quemadmodum“.
1274 3540 1350 3626 Cap.
1361 3542 1439 3621 724

341 3646 398 3717 „et
426 3636 751 3705 Trimalchionem..
782 3645 965 3728 ‚subsequi
997 3645 1162 3727 [coepit“].
1184 3642 1324 3707 Adcedit
1353 3641 1439 3725 quod

343 3739 436 3802 etiam
458 3739 490 3801 in
513 3740 704 3824 Traguriani
728 3744 898 3830 excerptis,
923 3767 1002 3830 quae
1024 3746 1110 3809 idem
1142 3765 1260 3808 coenae
1290 3742 1437 3809 librarius

340 3838 475 3924 scripsit,
500 3841 626 3924 saepius
649 3865 748 3905 unum
772 3844 876 3908 duove
901 3845 1054 3911 vocabula
1077 3846 1110 3910 in
1130 3849 1243 3916 ordine
1265 3854 1438 3917 verborum

342 3938 565 4004 desiderantur
586 3951 679 4026 atque
711 3945 756 4007 eis
786 3945 914 4029 quidem
945 3946 1042 4027 loeis,
1071 3949 1125 4013 ubi
1147 3952 1292 4016 omnibus
1324 3953 1435 4017 ceteris

340 4049 569 4126 excerptorum
591 4044 680 4108 libris
703 4046 798 4129 plena
817 4047 965 4112 orationis
988 4050 1088 4114 forma
1118 4053 1210 4117 nobis
1231 4063 1355 4118 servata
1378 4063 1433 4118 est.

338 4137 441 4202 Huius
463 4143 629 4208 socordiae
651 4145 790 4230 insignia
813 4149 971 4232 exempla,
994 4173 1067 4215 nam
1083 4152 1204 4217 leviora
1220 4155 1339 4236 omitto,
1354 4156 1435 4220 infra

338 4244 450 4308 habes:
463 4245 591 4331 eap.4,2
598 4247 653 4328 „in
663 4246 767 4310 forum
781 4247 949 4333 impellunt
963 4246 1007 4336 [et
1018 4252 1242 4342 eloquentiam]
1254 4277 1314 4340 qua
1323 4256 1432 4320 nihile.

338 4342 415 4431 Cap.
430 4346 495 4426 6,4
517 4368 621 4430 „quae
644 4356 799 4432 [agreste]
825 4349 894 4413 olus
919 4352 1109 4417 vendebat“.
1133 4352 1211 4441 (lap.
1233 4358 1304 4439 111,
1325 4357 1345 4421 6
1366 4380 1432 4439 „ue

339 4446 406 4530 quis
430 4446 470 4510 ad
492 4447 687 4532 sepulturam
703 4458 846 4536 [corpus]
858 4452 1073 4528 detraheret“.
1089 4453 1168 4540 Gap.
1187 4456 1257 4537 134,
1270 4458 1290 4522 6
1302 4460 1433 4545 „eoepit
