3542 5292
783 535 903 598 -56

318 718 396 799 'quo
419 712 570 781 Sullanus
587 714 664 780 bibit
687 717 782 798 ensis,
808 716 938 782 horrida
959 718 1040 782 tell
1053 742 1099 783 us
1121 717 1287 784 Extulit
1307 721 1431 786 inlu·

332 838 413 880 eem
435 815 574 883 nutritas
590 819 747 904 sanguine
771 820 912 904 fruges“.
956 821 1065 887 Verba
1093 821 1431 909 „thesaurosque

331 941 404 1005 rap
418 919 475 998 ie‘,
499 919 532 982 in
556 920 670 1009 quibus
691 942 861 985 numerum
883 920 1041 1007 pluralem
1055 921 1225 987 offensioni
1244 945 1314 988 esse
1330 917 1432 1011 supra

332 1017 600 1102 significavimus,
624 1042 666 1084 ex
690 1021 803 1089 eodem
836 1021 974 1086 carmine
1007 1030 1166 1086 mutuatus
1197 1032 1246 1087 est
1276 1046 1342 1110 cap.
1369 1023 1431 1088 124

278 1176 281 1183 .
330 1118 420 1200 „Non
442 1119 563 1205 frangis
584 1121 718 1207 portas?
751 1144 816 1186 non
838 1121 937 1186 muris
960 1122 1225 1209 oppida'solvis‘?
1248 1123 1431 1195 Thesau-

331 1242 487 1306 rosque
508 1222 649 1307 rapis?
674 1223 779 1288 nescis
799 1231 851 1304 tu,
874 1225 1009 1310 Magne,
1031 1217 1130 1288 tueri“
1152 1245 1178 1288 e.
1203 1246 1232 1309 q.
1254 1248 1279 1289 s.
1301 1225 1430 1290 Versus

334 1321 473 1406 denique
496 1321 604 1404 „Mox
634 1323 703 1389 ubi
738 1325 949 1410 fugerunt
988 1327 1110 1389 elusam
1138 1325 1255 1410 gaudia
1282 1311 1427 1393 mentem

332 1422 535 1508 Veroque
557 1425 688 1488 forma
709 1424 839 1489 redit“
862 1445 889 1488 e.
907 1446 936 1510 q.
954 1449 978 1489 s
1003 1447 1058 1489 eos
1084 1427 1230 1490 conferas
1243 1425 1339 1490 velim
1353 1449 1427 1504 cum

332 1524 381 1590 his
415 1526 561 1591 versibus
598 1548 665 1612 cap.
699 1526 761 1607 80,
786 1525 805 1588 9
814 1573 824 1607 ,
862 1547 941 1610 quos
975 1525 1143 1590 imitandos
1175 1526 1235 1592 sibi
1258 1527 1430 1614 proposuit

330 1625 546 1691 versificator:
569 1625 679 1708 „Grex
701 1627 767 1714 agit
787 1627 819 1690 in
840 1648 937 1691 scena
957 1626 1109 1708 mimum,
1143 1636 1234 1714 pater
1255 1627 1311 1692 ille
1332 1650 1430 1692 voca·

331 1735 404 1808 tur,
440 1725 539 1792 Filius
560 1727 634 1809 hic,
663 1750 781 1793 nomen
814 1727 918 1794 divitis
940 1728 997 1793 ille
1027 1739 1123 1793 tenet.
1167 1731 1263 1794 Mox
1297 1729 1366 1795 ubi
1387 1729 1431 1793 ri·

331 1827 452 1892 dendas
473 1828 601 1893 inclusit
625 1829 743 1917 pagina
759 1838 877 1917 partes,
901 1831 1012 1894 Vera
1036 1831 1158 1895 redit
1178 1831 1323 1913 facies,
1351 1831 1430 1895 assi·

330 1929 447 1994 mulata
479 1930 589 2017 perit‘f.
640 1930 723 1995 Huic
743 1931 871 2018 ineptae
895 1931 1139 2018 'interpolaticni
1168 1956 1274 1997 ansam
1298 1931 1431 1996 dedisse

333 2032 480 2096 videntur
502 2034 599 2096 verba
620 2032 684 2112 iila,
701 2054 782 2117 quae
804 2032 837 2095 in
860 2031 1058 2118 plenioribus
1083 2032 1256 2098 editionum
1286 2033 1431 2119 exerptis

332 2132 479 2219 proxime
491 2132 706 2219 praecedunt:
728 2131 816 2218 „Ego
830 2142 938 2196 contra
955 2133 1119 2197 damnatus
1145 2142 1175 2197 et
1199 2132 1316 2219 quasi
1339 2155 1431 2218 quo-

335 2235 425 2299 dam
446 2235 543 2300 visu
561 2236 595 2297 in
615 2233 785 2299 horrorem
806 2233 1000 2318 perductus“
1021 2254 1048 2297 e.
1071 2256 1101 2320 q.
1124 2258 1149 2298 s.
1162 2234 1186 2322 ¹)

376 2337 519 2406 Similem
551 2334 673 2422 ingenii
700 2334 806 2399 lusum
827 2334 979 2400 Petronio
1008 2336 1176 2400 obtrusum
1196 2357 1274 2421 cap.·
1291 2335 1360 2415 134,
1387 2335 1429 2416 12

379 2557 525 2565 -..φ-...-

368 2701 396 2768 1)
419 2701 451 2753 Ηί
467 2718 569 2766 versus,
582 2716 649 2769 quas
669 2700 829 2751 subditicios
850 2715 909 2750 esse
928 2700 1116 2766 demonstravi,
1126 2698 1257 2750 nonnulla
1277 2702 1431 2752 communia

331 2789 429 2844 habent
448 2806 505 2842 curn
526 2791 641 2840 carmine
662 2789 778 2856 quodam
797 2789 831 2839 de
852 2789 963 2839 somniis
983 2803 998 2837 a
1017 2787 1191 2839 Bourdelotia
1214 2803 1270 2855 cap.
1282 2784 1343 2852 104,
1355 2785 1431 2840 4in·

330 2884 412 2942 serta,
434 2877 506 2946 quad
526 2879 553 2928 in
572 2877 793 2942 disceptationem
816 2890 915 2928 vocare
944 2874 1020 2926 nolui
1048 2874 1111 2925 huic
1125 2876 1254 2943 -aliis'que
1279 2875 1431 2927 editoribus

331 2969 411 3019 nimis
431 2968 541 3018 tortasse
561 2965 673 3018 diffisus.
710 2964 763 3015 larn
785 2980 849 3016 vero
864 2971 1016 3031 opportune
1035 2964 1141 3027 accidit,
1153 2965 1225 3032 quod
1243 2963 1319 3015 fidem
1332 2980 1426 3016 eorum

333 3055 488 3108 confirmare
507 3054 572 3105 mibi
592 3055 688 3117 licuit3
708 3051 817 3104 labnius
836 3054 907 3104 eninr
926 3068 1028 3103 mecum
1049 3037 1226 3104 communicat
1243 3051 1296 3111 tu„
1313 3051 1428 3104 ltlomm·

333 3162 424 3199 senum
447 3160 552 3195 carmen
577 3144 645 3195 illud
665 3143 756 3194 addito
776 3141 895 3193 Petronii
915 3142 1023 3193 nornine
1044 3143 1071 3193 in
1091 3141 1186 3193 codice
1208 3140 1332 3192 Leideusi
1351 3139 1426 3192 Vos-

335 3235 412 3285 siano
431 3231 486 3283 lat.
498 3230 619 3284 F01.111
641 3232 799 3282 invenissse.
821 3228 914 3297 ltaque
934 3245 1001 3296 qnae
1022 3231 1048 3280 in
1067 3244 1098 3279 eo
1118 3227 1320 3288 similitudinem
1341 3242 1444 3295 quau--

333 3324 390 3374 darn
410 3321 529 3372 referunt
555 3335 613 3369 curn
642 3320 741 3385 spuriis
767 3317 822 3368 illis
849 3316 972 3385 versibus
1000 3318 1107 3368 adicere
1132 3316 1244 3370 iuvabit.
1282 3313 1430 3382 Compares

335 3411 418 3477 igitur
438 3423 541 3460 versum
561 3409 673 3474 primunr
686 3425 692 3456 ι
715 3405 802 3470 „Sam
813 3422 829 3456 n
839 3407 846 3455 i
856 3421 879 3471 a,
899 3421 967 3473 quae
986 3412 1085 3456 mentes
1103 3405 1111 3456 l
1124 3406 1189 3456 ndu
1201 3412 1236 3456 nt
1256 3394 1432 3457 volitantibus

335 3496 449 3548 unrbris“
470 3498 528 3546 c‘um
547 3510 626 3547 versu
648 3495 733 3563 primo
760 3494 869 3545 alterius
890 3495 1030 3545 carminis:
1052 3493 1152 3559 „Nocte
1170 3496 1321 3561 soporifera
1342 3493 1430 3546 veluti

336 3601 394 3638 cunr
413 3585 544 3636 somnia
563 3583 717 3648 ludunt“,
737 3598 840 3634 versum
852 3581 884 3634 11
901 3580 1016 3649 „Condit
1033 3566 1128 3634 avarus
1148 3598 1213 3649 opes
1231 3583 1433 3634 defossum-

336 3690 398 3742 que
427 3673 570 3725 invenit
597 3688 713 3724 aurum
744 3688 801 3722 cunr
833 3688 913 3724 versu
933 3673 1019 3737 primo
1040 3672 1165 3722 ettertio'
1193 3671 1433 3738 „effossaque

335 3761 491 3829 protulit
525 3775 641 3812 aurunt
666 3763 693 3812 in
718 3761 804 3812 lucem
832 3759 938 3812 tellns“.
977 3758 1096 3810 Ceterum
1114 3750 1345 3826 ¹interpolatorem
1373 3758 1430 3810 boc

336 3865 441 3902 carmen
462 3851 611 3915 respexisse
629 3850 737 3900 mininie
758 3856 857 3900 certum
876 3855 924 3912 est,
945 3850 1023 3899 imma
1045 3831 1125 3900 facilc
1144 3848 1200 3898 lieri
1222 3849 1320 3913 patuit,
1338 3855 1366 3898 ut
1385 3848 1432 3899 in·

336 3955 412 3991 verso
446 3939 543 3989 ordine
571 3936 649 3988 huius
677 3946 771 3988 auctor
796 3937 871 3988 illurn
901 3920 1066 4004 sequeretur.
1112 3936 1175 3987 Nam
1197 3935 1249 3987 boc
1270 3952 1378 4005 quoque
1397 3939 1435 3990 de

335 4028 447 4079 somniis
467 4042 591 4090 carmen,
612 4027 687 4077 cuius
708 4018 827 4077 ultimum
847 4041 952 4077 versum
972 4028 1022 4077 iam
1043 4023 1071 4077 G.
1089 4018 1229 4086 Barthius',
1260 4025 1364 4075 advers.
1388 4017 1454 4091 11,Ι

336 4116 354 4170 3
379 4121 407 4166 ut
428 4116 615 4181 interpolatum
641 4116 752 4178 natavit,
771 4114 803 4165 ab
822 4115 914 4180 inepto
943 4114 1035 4183 aliquo
1056 4113 1191 4166 nebulone
1213 4113 1362 4164 coniectum
1383 4121 1432 4164 est.
1505 4161 1507 4167 ,

337 4206 423 4273 Atque
443 4219 473 4254 ex
498 4203 579 4254 simili
609 4202 719 4254 officina
741 4204 818 4254 etiam
840 4204 943 4254 tertium
963 4204 1080 4255 eiusdem
1100 4202 1248 4269 argumenti
1268 4217 1383 4255 carmen.
1396 4192 1435 4238 -⁸

339 4295 372 4346 ci.
393 4293 534 4345 Bnrrnann.
554 4295 617 4346 edit.
638 4292 671 4360 ll,
691 4295 718 4359 2,
737 4311 762 4362 p.
784 4292 836 4349 877
857 4323 890 4331 -
911 4295 942 4346 ad
962 4293 1078 4345 Lucretii
1101 4279 1236 4358 eiemplar
1256 4292 1435 4356 compositum

338 4384 456 4450 prodiit,
485 4382 557 4450 quod
587 4383 614 4434 in
641 4384 734 4435 eodem
764 4384 858 4436 codice
887 4381 1017 4433 vossiano
1046 4380 1163 4431 Petronii
1190 4395 1285 4458 nomen
1311 4392 1376 4445 prae
1402 4394 1436 4431 se

340 4470 411 4523 ferre
431 4471 607 4523 Mommsenus
622 4478 739 4523 testatur.
775 4469 846 4524 llaec
866 4477 990 4523 accurate
1010 4484 1145 4536 exponere
1164 4467 1273 4536 longurn
1292 4473 1340 4519 est.
