3542 5292
853 565 895 628 34

330 753 420 818 cuius
444 772 497 818 res
520 757 626 836 gestas
648 750 732 814 bene
753 747 840 812 novit
862 745 1105 812 Trimalchie-
1121 745 1158 810 ef.
1181 766 1251 832 cap.
1275 744 1332 824 48,
1359 747 1379 810 7
1404 781 1445 794 -

330 852 426 917 facile
448 851 478 916 ei
499 851 531 914 in
543 859 681 914 mentem
699 850 808 913 venire
822 849 935 936 potuit,
950 846 1097 934 quoniam
1120 846 1222 911 statim
1233 846 1375 911 Aiacem
1398 847 1445 909 in·

330 952 504 1017 sanieatem
518 960 751 1016 commemorat.
765 950 961 1035 Quanquam¹
976 949 1034 1012 alia
1051 969 1179 1034 quoque
1192 946 1271 1032 fingi
1287 955 1442 1033 possunt,

330 1073 411 1138 quaa
444 1073 518 1116 eum
548 1051 579 1113 ia
614 1072 757 1116 errorem
780 1051 983 1126 induxerint3
1006 1072 1078 1114 nam
1102 1046 1345 1113 velocissimum
1371 1046 1442 1112 Tri-

329 1151 515 1218 malchionis
536 1152 705 1237 ingenium
730 1152 820 1238 sequi
842 1151 1015 1216 admodum
1040 1149 1170 1214 difficile
1195 1158 1252 1213 est.

371 1251 449 1338 Cap.
466 1251 518 1332 60,
533 1253 552 1313 6
567 1274 666 1332 ,nova
689 1251 837 1315 ludorum
859 1250 1005 1316 remissio
1018 1250 1205 1314 hilaritatem
1229 1248 1281 1313 hic
1303 1249 1439 1326 refecit3

330 1373 442 1415 omnes
455 1353 537 1416 enim
549 1351 716 1438 placentae
729 1352 898 1439 omniaque
910 1377 1005 1440 poma
1017 1354 1107 1417 etiam
1123 1352 1438 1418 minimavexatione

329 1461 469 1516 contacta
493 1452 595 1517 statim
619 1463 796 1540 coeperant
811 1455 979 1519 efiirndcre
1003 1476 1128 1519 crocum
1147 1462 1177 1517 et
1195 1452 1359 1538 usquead
1379 1474 1437 1518 nos

329 1542 801 1620 molestushumor·adcedere“.
825 1555 900 1619 Non
916 1556 1014 1621 credo
1035 1554 1224 1620 vocabulum
1237 1552 1438 1634 ,adcedere‘

330 1655 481 1742 scriptum
495 1677 565 1721 esse
582 1658 769 1723 aPetronio.
793 1658 936 1723 Primum
954 1659 1037 1722 enim
1062 1657 1144 1721 seire
1165 1655 1261 1719 velim
1284 1653 1376 1719 unde
1391 1653 1436 1717 in-

330 1755 469 1821 finitivus
481 1758 629 1844 pendeat.
648 1759 796 1839 Quicum
810 1758 982 1823 infinitivus
996 1757 1163 1822 historicus
1179 1756 1231 1821 hie
1246 1757 1353 1820 locum
1371 1777 1437 1821 non

330 1858 452 1939 habeat,
469 1859 511 1922 ita
529 1868 649 1924 tantum
674 1861 828 1946 explicari
850 1869 964 1946 potest,
978 1869 1013 1923 ut
1036 1881 1076 1922 ex
1100 1862 1200 1923 verbo
1211 1862 1436 1943 ,cooperante

333 1958 419 2042 quod
441 1959 610 2040 antecedit,
622 1961 761 2046 ,eoepit“
776 1969 950 2046 repetatur,
974 1958 1061 2044 quod
1085 1981 1179 2043 quam
1202 1957 1318 2021 darum
1342 1956 1386 2021 sit
1407 1968 1437 2022 et

336 2056 539 2123 artificiosam
561 2059 652 2124 facile
683 2059 796 2148 opinor
817 2061 945 2125 senties.
980 2058 1047 2126 Sed
1070 2081 1134 2122 non
1155 2057 1258 2122 solnm
1280 2056 1436 2123 orationis

338 2160 566 2241 conformatio,
593 2183 705 2225 veram
739 2161 830 2226 etiam
860 2161 1015 2226 sententia
1053 2161 1159 2247 inepta
1189 2167 1246 2223 est.
1284 2157 1439 2223 Profecto

334 2259 545 2326 nullomodo
575 2261 646 2325 fieri
669 2269 785 2348 potest,
811 2271 846 2326 ut
870 2262 911 2325 de
933 2262 1081 2340 hamore,
1106 2281 1200 2345 quem
1223 2280 1321 2346 poma
1345 2257 1440 2325 etiam

332 2359 496 2426 lenissime
525 2370 604 2425 tacta
639 2361 823 2443 effundunt,
853 2365 987 2427 verbum
1018 2360 1220 2443 ,adsedere“
1248 2367 1439 2446 usurpetur,

335 2483 398 2548 quo
420 2461 587 2544 humoris,
614 2472 649 2527 at
681 2463 722 2528 ita
744 2464 846 2528 dicam
858 2511 867 2544 ,
895 2449 1052 2529 mobilitas
1074 2461 1204 2527 minime
1228 2458 1435 2547 exprimitur.

332 2562 540 2644 Videndum,
569 2586 609 2628 nc
632 2563 801 2629 Petronius
835 2563 1015 2650 scripserit:
1038 2569 1232 2649 ,coeperunt
1261 2559 1438 2626 effundere

333 2685 462 2728 crocum
488 2674 519 2728 et
539 2664 699 2750 usquead
718 2661 1007 2730 nosmolestum
1032 2663 1247 2728 humorem
1270 2659 1438 2749 adsper-

334 2768 463 2848 gere“.
512 2764 701 2830 Dubitanter
730 2765 811 2829 hanc
844 2765 1057 2829 coniecturam
1089 2763 1197 2851 paullo
1230 2761 1439 2828 audaciorem

333 2865 475 2949 profero,
498 2864 557 2928 sed
578 2886 704 2945 vereor,
727 2873 762 2930 ut
783 2865 888 2930 lenior
910 2862 1089 2929 emendatio
1103 2861 1240 2926 inveniri
1255 2860 1359 2948 pessit
1368 2862 1411 2949 ¹).

376 2959 456 3051 Cap.
480 2963 531 3045 63,
554 2967 574 3029 3
597 2965 698 3046 ,Cum
720 2965 823 3030 adhuc
850 2965 1015 3053 capillatus
1041 2986 1143 3029 essem
1155 3012 1164 3044 ,
1194 2985 1269 3027 nam
1291 2983 1309 3024 a
1330 2982 1441 3049 puero

335 3063 433 3128 vitam
459 3065 570 3130 Chiam
593 3067 691 3151 gessi,
715 3067 803 3154 Iphis
826 3067 927 3132 nostri
950 3066 1104 3131 delicatus
1123 3062 1270 3141 decessit,
1287 3083 1341 3127 me
1353 3062 1441 3128 Her·

333 3165 422 3231 cules
455 3167 682 3253 margaritum,
718 3168 852 3234 caecitas
885 3176 916 3231 et
938 3166 1078 3231 omnium
1113 3168 1309 3229 nuure1·um“.
1356 3161 1437 3230 Non

332 3266 493 3354 perspicio
520 3289 577 3331 eur
604 3267 800 3334 Trimalchio
823 3269 931 3348 vitam,
955 3289 1048 3353 quarn
1069 3287 1104 3331 se
1129 3290 1147 3330 a
1168 3285 1272 3351 puero
1292 3262 1441 3348 gessisse

332 3366 441 3446 iactat,
463 3365 612 3445 ,Chiam“
634 3365 716 3431 dicat
739 3367 819 3432 mira
847 3389 924 3432 sane
948 3364 1183 3453 adpellatione,
1217 3383 1299 3448 qaae
1335 3360 1442 3429 doctis

333 3464 492 3533 Schefferi
517 3475 548 3530 et
569 3466 744 3531 Burmanni
770 3469 959 3533 commentis
983 3466 1114 3532 minime
1140 3464 1337 3528 inlustratur.
1377 3461 1442 3528 Ita-

334 3585 397 3650 que
419 3564 500 3630 hane
522 3589 633 3632 vocem
663 3577 697 3632 at
725 3579 904 3657 suspectam
933 3571 1120 3634 notaverim.
1165 3568 1281 3651 Neque
1313 3565 1444 3654 ,Iphis

368 3849 395 3916 l)
414 3850 488 3913 Quae
517 3853 607 3918 paallo
638 3859 713 3905 antea
741 3854 884 3922 legantur:
915 3855 996 3919 „llam
1029 3856 1095 3908 haec
1125 3859 1291 3925 apophoreta
1310 3859 1442 3917 iubemur

333 3951 456 4001 sumere,
486 3940 635 4005 respiciens
655 3941 685 3990 ad
707 3956 836 4005 creusam,
856 3943 906 3991 iam
930 3942 989 3993 illic
1008 3947 1199 4009 repositorium
1222 3961 1280 3997 cum
1301 3945 1443 4013 placentie

334 4023 437 4092 aliquot
457 4033 512 4076 erat
532 4026 663 4092 posituna“
683 4046 706 4079 a.
729 4045 753 4096 q.
773 4045 793 4079 s.
815 4030 925 4080 fortasse
952 4033 991 4080 sic
1012 4033 1175 4100 corrigenda
1194 4041 1274 4086 suat:
1294 4033 1443 4096 „iubemur

333 4126 437 4163 sumere
458 4119 489 4164 et
512 4115 783 4179 resipiscentes
803 4117 937 4168 adimus
957 4135 1083 4181 mensam,
1105 4121 1153 4170 iarn
1176 4120 1251 4173 illie“
1272 4138 1295 4172 e.
1314 4138 1329 4189 q
1362 4140 1385 4175 s.
1406 4152 1443 4164 —-

335 4197 416 4250 flecte
448 4208 512 4267 puto
544 4201 720 4254 Tilebomium
760 4207 929 4270 perspexisse
954 4207 981 4257 in
1013 4207 1100 4258 vorbis
1121 4224 1179 4275 cap.
1199 4207 1278 4271 62,9
1297 4215 1443 4273 „natenius

333 4294 375 4336 tau
396 4287 500 4338 umluas
520 4291 626 4342 cecidi“
647 4295 880 4357 onomatopoeiam
903 4295 1000 4345 inesse.
1022 4294 1073 4346 Sed
1095 4298 1177 4347 attrito
1197 4297 1299 4347 clarius
1319 4296 1367 4348 illa
1389 4315 1443 4352 au-

332 4374 421 4424 dietur
447 4375 544 4428 litteris
565 4379 600 4428 ita
620 4380 736 4430 diductis
767 4387 899 4442 „maten
931 4383 1083 4446 iratam,
1116 4392 1142 4434 ιιι
1167 4382 1242 4448 ,uu“
1271 4382 1374 4450 syllaba
1398 4387 1443 4440 bia

333 4461 453 4527 graviter
472 4462 604 4515 efferatur.
