3542 5292
849 524 891 589 53

323 731 405 796 quae
431 710 463 773 in
485 707 684 796 plenioribus
705 709 879 773 editionum
910 708 1071 795 excerptis
1102 708 1254 794 leguntur
1284 706 1418 787 omissis,

319 810 351 874 in
372 810 486 875 nostris
509 811 647 874 narratio
673 809 722 874 his
755 809 860 877 verbis
895 810 1122 896 progreditur,
1139 806 1141 811 ’
1160 831 1242 894 quae
1273 832 1345 873 cum
1375 829 1417 872 cx

320 910 414 975 simili
434 910 524 975 rixae
548 910 761 997 descriptione
791 911 961 999 desumpta
988 911 1065 992 sint,
1087 919 1150 976 tam
1172 919 1246 997 apte
1272 919 1303 974 et
1324 909 1417 974 facile

320 1014 385 1095 eis,
424 1036 506 1101 quae
537 1016 728 1080 antecedunt
762 1016 990 1094 adnectuntur,
1019 1023 1054 1078 ut
1089 1013 1192 1100 primo
1223 1013 1334 1075 obtutu
1361 1008 1417 1072 vix

318 1115 569 1181 animadvertere
599 1116 703 1202 possis
735 1116 822 1181 haud
842 1138 943 1203 pauca
970 1114 1125 1198 hocloco
1151 1112 1276 1193 deesse,
1298 1149 1340 1160 -
1363 1109 1413 1174 his

316 1216 414 1301 igitur
435 1217 539 1283 verbis
562 1217 670 1304 pergit
691 1239 758 1304 cap.
782 1217 908 1298 108,12
930 1216 1056 1298 ,Stante
1079 1237 1159 1301 ergo
1183 1224 1318 1300 utraque
1348 1211 1414 1277 acie

315 1340 387 1382 cum
409 1321 578 1404 appareret
591 1320 733 1383 futurum
757 1321 835 1403 (non
858 1317 1055 1402 tralatitinm)
1080 1316 1212 1395 bellum,
1235 1325 1412 1400 aegre‘ex·

314 1417 471 1504 pugnavit
492 1421 697 1504 gubernator,
711 1427 745 1482 ut
768 1419 984 1483 caduceatoris
1006 1421 1095 1481 more
1107 1417 1302 1509 Tryphaena
1320 1413 1412 1478 indu-

314 1518 376 1582 cias
399 1521 543 1584 faceret“.
586 1519 651 1585 lam
674 1542 751 1585 vero
774 1542 881 1584 nonne
902 1519 971 1584 lieri
992 1519 1104 1606 potuit,
1128 1526 1163 1582 ut
1190 1517 1278 1581 idem
1301 1536 1411 1580 excer-

312 1619 412 1706 pendi
433 1621 609 1702 consilinm,
642 1644 704 1706 quo
737 1621 885 1686 facillime
911 1621 1061 1708 decipias
1091 1619 1219 1705 saepius
1244 1617 1411 1682 adhibere·

314 1719 421 1805 turis)

354 1821 479 1886 Horum
510 1844 590 1906 quos
621 1822 717 1886 modo
751 1824 949 1888 tractavimus
973 1824 1118 1889 locorum
1148 1822 1227 1887 ratio
1256 1820 1297 1885 ita
1326 1840 1409 1884 com-

311 1930 419 2006 parata
442 1929 498 2002 est,
520 1931 555 1985 ut
569 1923 674 1987 *verba
694 1923 856 2009 scriptoris
879 1929 917 1991 ab
940 1923 995 2005 eis,
1020 1945 1100 2009 quae
1121 1923 1225 1986 aliena
1245 1942 1357 1984 manus
1377 1918 1410 1981 in
1485 1964 1487 1967 -

313 2022 486 2087 orationem
506 2015 697 2104 inculcavit,
727 2047 791 2089 non
813 2047 912 2110 queas
934 2046 1121 2110 segregare.
1159 2022 1274 2107 Neque
1303 2029 1409 2084 tamen

309 2122 343 2186 in
362 2123 423 2188 hoc
452 2124 630 2210 scriptore,
662 2125 751 2191 cuius
772 2128 927 2191 memoria
947 2125 1151 2213 gravissimas
1181 2145 1256 2188 sane
1277 2121 1406 2186 iniurias

311 2234 446 2311 experta
470 2234 536 2306 est,
566 2227 646 2291 tales
666 2227 728 2291 loci
751 2228 877 2308 desunt,
900 2229 933 2290 in
956 2227 1069 2313 quibus
1092 2224 1292 2312 interpolatio
1314 2221 1407 2286 certis

305 2328 421 2393 finibus
434 2327 648 2394 circumscribi
669 2330 779 2416 possit.
824 2329 955 2415 Insigne
969 2329 1063 2393 huius
1079 2328 1200 2393 fraudis
1218 2323 1404 2411 exemplum

247 2507 249 2511 y
305 2429 482 2516 caputet
510 2439 606 2511 extat,
631 2432 684 2496 ubi
704 2431 896 2517 Encolpius:
919 2430 1008 2516 ,Ego
1030 2425 1402 2512 contra“,inquit„dam·

306 2537 397 2593 natus
435 2538 466 2593 et
489 2531 578 2615 quasi
600 2532 737 2617 quodam
760 2531 830 2597 visu
853 2533 885 2597 in
914 2534 1081 2597 horrorem
1103 2529 1277 2617 perductos
1308 2528 1403 2589 inter-

305 2653 423 2717 rogare
444 2631 581 2695 animum
605 2633 696 2718 coepi
718 2656 757 2696 an
780 2656 857 2698 vera
878 2635 1042 2720 voluptate
1063 2633 1226 2697 fraudatus
1252 2648 1364 2694 cssem.

405 2731 506 2796 Nocte
528 2733 706 2819 soporifera
727 2734 826 2799 veluti
850 2759 921 2799 oum
945 2735 1066 2801 somnia
1088 2733 1203 2798 ludunt

354 2899 359 2909 ,
399 2832 550 2898 Errantes
574 2834 684 2900 oculos
707 2837 886 2922 effossaque
907 2836 1040 2923 protulit
1061 2859 1173 2901 aurum

400 2934 438 2998 In
460 2923 565 2999 lucem
587 2936 693 3017 tellus,
720 2945 824 3001 versat
844 2959 955 3002 manns
980 2936 1123 3023 improba
1148 2937 1267 3000 furtum

398 3036 644 3122 Thesaurosque
666 3037 756 3123 rapit,
780 3037 879 3102 sudor
901 3059 1028 3123 quoque
1054 3037 1174 3122 perluit
1193 3059 1259 3116 ora,

305 3233 501 3244 ...Μ

335 3333 360 3397 1)
380 3329 437 3384 Non
458 3348 564 3398 possum
584 3333 635 3384 hoc
656 3334 717 3385 loco
744 3335 908 3402 singularem
935 3337 1064 3403 quandam
1093 3337 1291 3388 adnotationem
1323 3352 1395 3387 mar-

298 3420 415 3489 ginalem
434 3437 449 3470 a
469 3423 534 3472 viris
553 3422 638 3473 doctis
654 3424 711 3474 lere
728 3423 878 3491 neglectam
898 3439 951 3474 non
973 3428 1201 3488 commemorare,
1219 3440 1271 3492 qua
1298 3425 1392 3476 diver-

296 3525 339 3560 sos
360 3496 477 3561 Petronii
500 3509 575 3561 locos
595 3510 686 3578 aliquo
712 3512 858 3563 communis
878 3515 1027 3564 sententiae
1057 3512 1166 3565 vinculo
1187 3509 1358 3582 fconiunctos
1379 3530 1393 3564 a

295 3597 413 3650 librariis
433 3607 600 3665 comparatos
622 3616 680 3650 osse
709 3602 829 3652 indicari·
851 3602 914 3651 nrihi
944 3603 1056 3653 ridetur.
1095 3601 1189 3653 Verbis
1209 3601 1315 3653 scilicet
1335 3617 1392 3667 cap.
1432 3638 1434 3641 ψ

295 3683 409 3750 131,ss
430 3686 532 3754 „liogm
553 3689 661 3756 inquam
682 3704 744 3756 ego,
765 3692 854 3755 potins
875 3707 952 3758 quam
972 3689 1073 3742 tentas“
1095 3708 1118 3741 e.
1138 3707 1162 3757 q.
1182 3706 1202 3741 s.
1223 3693 1250 3742 in
1271 3692 1391 3744 editione

228 3762 232 3770 ¹
295 3772 436 3826 Pithoeana
457 3775 573 3843 aliisque
597 3777 664 3828 haec
685 3779 774 3846 glossa
796 3781 918 3846 adposita
936 3787 992 3831 est:
1013 3779 1240 3846 „Encolpius
1269 3781 1308 3832 de
1330 3778 1392 3830 En·
1428 3798 1432 3803 ·

294 3854 459 3929 dymion‘e
480 3864 615 3931 puer0.“
647 3867 718 3930 Quae
741 3886 798 3919 cum
820 3885 929 3934 prorsus
953 3869 1066 3920 obscura
1085 3869 1243 3920 sit—nihil
1266 3871 1335 3919 enim
1358 3870 1389 3919 ad

293 3953 470 4017 compertinet
486 3970 535 4005 nec
554 3961 663 4022 usquam
675 3958 701 4006 in
717 3955 841 4026 reliqniis
853 3957 1030 4022 Petronianum,
1049 3975 1117 4026 quac
1132 3965 1242 4009 aetatem
1262 3958 1398 4022 tulerunt,

291 4053 358 4104 puer
375 4038 423 4089 ille
435 4037 584 4106 Endymion
597 4052 817 4095 commemoratur
839 4072 869 4084 -·
888 4045 1014 4098 Gonsalio
1028 4047 1176 4113 „sublestae
1188 4044 1265 4098 fider
1275 4045 1389 4098 videba-

290 4134 339 4190 tur,
357 4127 456 4177 iniuria
473 4144 531 4180 meo
551 4131 671 4194 iudicio;
694 4148 784 4199 parum
805 4136 873 4186 enim
888 4135 1075 4202 probabileest
1089 4136 1286 4186 adnotationem
1306 4133 1388 4196 illam,

289 4215 440 4283 quecquid
459 4216 509 4267 sibi
531 4219 596 4270 velit
613 4237 691 4271 nemo
711 4222 864 4292 intellegit,
895 4227 953 4275 sine
972 4225 1028 4276 ulla
1046 4240 1126 4275 causa
1145 4238 1250 4289 prorsus
1268 4222 1300 4273 ad
1320 4221 1387 4272 libi·
1409 4221 1411 4225 '

287 4308 340 4353 tum
370 4302 455 4354 tetam
485 4320 550 4356 esse.
588 4305 685 4359 Contra
706 4310 795 4361 nullus
826 4312 934 4376 dubito,
964 4314 1028 4381 quin
1050 4311 1175 4363 librarius
1199 4310 1313 4377 aliquis,
1340 4311 1384 4376 qui

288 4390 395 4457 plenius
427 4391 545 4444 Petronii
579 4398 714 4463 exenrplar
739 4399 845 4463 babuit,
871 4407 980 4468 propter
1004 4401 1151 4466 argumenti
1182 4398 1383 4452 similitudinem

288 4479 360 4530 illam
381 4481 563 4548 adscripserit.
599 4499 602 4503 ·
667 4503 669 4507 ¹
889 4488 891 4495 ⁴
