3542 5292
852 535 890 599 61

324 723 533 789 Oasaubonus
563 721 603 785 de
633 728 729 805 satyr.
766 740 856 805 poss.
887 717 942 798 11,
964 711 1093 781 4'recte
1132 726 1210 803 puto
1241 715 1417 804 perspexit.

325 824 392 892 Sed
426 845 468 888 ne
503 822 573 909 ipse
600 820 728 906 quidem
752 841 863 884 verum
885 818 1009 882 titulum
1041 817 1209 882 adsecutus
1237 827 1292 883 est.
1336 818 1418 884 Nam

323 925 406 990 illud
426 923 641 1006 ,Saturicum“
661 921 727 987 sive
744 920 956 1002 ,Satiricum“,
981 917 1068 1003 quod
1089 919 1179 1005 operi
1194 918 1268 984 olim
1288 917 1418 1004 inscrip-

323 1036 391 1091 tum
405 1025 505 1089 fuisse
529 1033 627 1110 putat,
651 1022 830 1108 ,quomodo
845 1020 1106 1086 commentarium
1121 1019 1243 1084 dicatur
1257 1040 1318 1107 pro
1335 1042 1419 1085 com·

324 1125 478 1190 monterio
501 1125 594 1206 libro,
610 1122 841 1210 Apolegetious
860 1145 926 1209 pro¹
937 1121 1152 1208 Apologctico
1168 1120 1266 1185 libro“
1281 1119 1419 1205 antiquis

298 1262 301 1268 ·
322 1226 512 1292 testimoniis
537 1234 688 1311 quantum
719 1224 783 1289 scio
815 1246 876 1288 nun
900 1221 1047 1309 proditur
1074 1246 1111 1285 ac
1134 1243 1272 1303 vereor,
1296 1231 1332 1286 ut
1351 1219 1419 1286 ullo

324 1327 477 1414 exemplo
515 1348 557 1391 cx
595 1325 709 1390 litteris
740 1323 858 1389 Latinis
892 1309 991 1411 petito
1028 1321 1158 1387 defendi
1187 1323 1297 1410 possit.
1346 1321 1421 1387 Fuit

269 1472 295 1515 ⁴.
323 1438 427 1493 autem
449 1428 481 1493 ni
504 1426 599 1492 fallor
620 1425 781 1512 genuinus
794 1425 904 1489 titulus
927 1446 1005 1489 vere
1028 1425 1191 1490 Romanus
1213 1423 1421 1505 „Satirarum

328 1530 395 1596 sive
408 1527 615 1610 ¹„Saturarum
650 1527 749 1593 libri“.
794 1525 858 1606 Qui
888 1548 982 1609 quam
1012 1535 1085 1614 apte
1118 1525 1218 1590 indoli
1242 1525 1348 1612 operis
1379 1524 1418 1588 ad

249 1633 254 1641 ’
325 1632 458 1697 modum
484 1631 634 1697 Varronis
656 1639 832 1695 saturarum
862 1629 1038 1716 compositi,
1070 1629 1186 1693 utiam
1214 1628 1420 1694 Oasaubonus

325 1732 532 1819 significavit,
559 1732 743 1811 conveniat,
766 1732 902 1795 fortasse
925 1730 986 1794 alio
1007 1730 1079 1794 loco
1102 1729 1321 1794 demonstrare
1340 1723 1419 1791 mihi

326 1833 457 1914 licebit;
489 1856 574 1899 nunc
594 1834 668 1899 satis
693 1834 820 1915 habeo,
851 1841 975 1897 vetusta
1002 1833 1096 1898 huius
1129 1831 1210 1896 tituli
1242 1827 1421 1896 testimonia

322 1955 505 2021 proponere
529 1934 658 2000 adiectis
680 1935 737 2016 eis,
762 1957 842 2020 quoe
864 1935 906 1998 ad
929 1934 1240 2019 alterumvulgatum
1252 1932 1419 2019 pertinent

324 2035 433 2120 Atque
455 2035 568 2100 Petrus
584 2035 703 2099 Daniel
725 2035 765 2099 ad
787 2037 885 2100 verba
906 2058 972 2123 cap.
998 2037 1058 2116 1,1
1081 2058 1174 2116 ,num
1196 2034 1257 2100 alio
1280 2037 1421 2119 genere“

323 2157 350 2199 e.
360 2158 388 2221 q.
399 2159 422 2199 s.
433 2136 511 2201 haee
526 2136 686 2201 adnotavit
706 2158 765 2217 ,ex
778 2146 840 2201 ret.
855 2139 1091 2222 grammatico“:
1112 2135 1248 2218 ,Contra
1270 2134 1420 2200 delicatos

324 2237 470 2302 lectores.
485 2237 707 2302 Petronius-in
728 2238 831 2324 primo
852 2237 1099 2325 (llssatyrarum
1117 2247 1148 2303 et
1167 2237 1297 2302 Persius
1320 2237 1353 2300 in
1365 2234 1420 2299 illa

327 2337 460 2422 Satyra:
479 2338 622 2426 ,Nempe
647 2341 724 2404 hoc“
746 2362 772 2404 e.
797 2363 826 2425 q.
849 2363 874 2404 s.
893 2339 994 2404 Porro
1015 2339 1122 2405 verbis
1145 2361 1211 2425 cap.
1233 2337 1318 2419 88,4
1339 2336 1419 2418 ,Eu-

324 2438 429 2503 doxus
452 2439 582 2524 quidem
608 2440 640 2503 in
663 2443 844 2505 cacumine“
865 2462 893 2503 e.
918 2462 946 2525 q.
969 2464 992 2504 s.
1011 2441 1091 2504 hanc
1112 2439 1252 2526 glossam
1276 2459 1318 2501 ex
1340 2447 1418 2520 ,vet

309 2538 463 2607 ·Lexioo“
477 2539 658 2627 adscripsit:
672 2540 936 2622 ,Excelsissimus
952 2540 1065 2606 dicitur
1079 2565 1097 2606 a
1110 2539 1260 2606 Petronio
1271 2540 1303 2604 in
1314 2539 1419 2625 primo

324 2641 368 2725 (ll
388 2640 644 2726 Satyrorum.¹)“
677 2642 759 2706 Huic
786 2643 968 2730 glossarum
990 2644 1163 2708 memoriae
1185 2640 1351 2706 adicienda
1372 2651 1420 2706 est

323 2743 444 2807 codicis
468 2743 604 2808 Parisini
625 2765 759 2808 numero
784 2745 865 2808 8049
889 2743 1029 2829 insigniti
1052 2744 1105 2830 qui
1127 2745 1256 2830 vulgata
1270 2757 1420 2828 excerpta

325 2884 465 3014 oontipct
488 2883 661 2972 inscriptio,
689 2895 811 2951 enotata
836 2887 892 2950 illa
919 2888 956 2952 ab
983 2885 1123 2952 Henrico
1144 2886 1270 2956 Keilio:
1301 2843 1420 2967 ,Peinii

280 3059 282 3063 ·
324 3025 405 3090 arbit
428 3025 538 3090 satirar
562 3008 744 3114 l’inoipit“.
783 3028 898 3114 Neque
914 3028 946 3091 in
971 3027 1039 3092 aliis
1061 3027 1161 3110 libris,
1183 3014 1317 3114 quorum
1342 3024 1420 3091 noti·

272 3125 276 3131 ’
323 3123 396 3188 tiam
419 3125 526 3207 habui,
548 3127 681 3191 obscura
701 3127 795 3192 huius
811 3127 893 3193 tituli
918 3127 1053 3213 vestigia
1071 3127 1199 3195 desunt..
1228 3124 1420 3214 Traguriani

324 3223 408 3288 enim
431 3237 657 3313 excerptorum
678 3227 841 3316 inscriptio
862 3222 942 3293 hacc
966 3238 1027 3292 est:
1048 3229 1206 3310 ,Petronii
1229 3227 1350 3294 Arbitri
1365 3225 1419 3294 Sa-

324 3324 388 3411 tyri
410 3327 587 3413 fragmenta
619 3350 660 3392 ex
692 3330 773 3395 libro
806 3329 914 3416 quinto
947 3328 1071 3394 decimo
1102 3339 1133 3394 et
1163 3338 1255 3394 sexto
1279 3327 1420 3393 decimo“

323 3430 417 3512 atque
442 3429 554 3493 eadem
588 3430 727 3494 continet
760 3441 985 3518 excerptorum
1021 3431 1220 3519 subscriptio.
1262 3431 1329 3495 Iam
1363 3429 1420 3493 etsi

324 3526 466 3612 „Satyris
487 3552 604 3594 nomen
620 3525 698 3594 nihil
714 3531 773 3595 nisi
786 3533 911 3597 mediae
927 3533 1035 3598 aetatis
1058 3555 1180 3598 morem
1192 3534 1303 3613 refert,
1316 3540 1421 3597 tamen

324 3626 363 3690 ad
382 3626 583 3708 ,Saturarum
605 3629 722 3696 libros“
744 3653 782 3695 eo
808 3632 964 3714 ducimur,
989 3632 1075 3719 quod
1097 3655 1177 3720 opus
1200 3654 1260 3720 per
1283 3631 1421 3697 libros

323 3726 525 3795 distributum
548 3731 646 3796 fuisse
668 3743 804 3818 utroque
825 3734 1005 3799 testimonio
1028 3733 1192 3799 indicatur.
1234 3732 1331 3815 Quod
1353 3730 1421 3816 qui·

324 3829 398 3894 dem
424 3839 553 3915 praeter
582 3831 707 3918 glossas
742 3833 811 3898 illas
843 3858 939 3922 supra
970 3833 1165 3922 perscriptas
1195 3833 1287 3899 etiam
1311 3830 1420 3918 glossa

324 3930 479 4017 quaedam
501 3933 619 3998 veteris
643 3933 740 3998 lexici
762 3933 795 4003 S.
816 3934 984 4001 Benedicti
1004 3922 1216 4002 Floriacensis
1246 3932 1419 4011 confirmat,

324 4054 385 4118 qua
405 4036 503 4099 verba
525 4058 591 4120 cap.
616 4035 666 4116 89,
691 4038 707 4099 1
739 4037 824 4117 ,Sed
854 4036 948 4102 video
970 4047 1002 4103 te
1024 4047 1124 4103 totum
1146 4037 1179 4100 in
1203 4036 1258 4101 illa
1281 4036 1417 4100 haerere

322 4236 524 4247 m

363 4382 389 4450 1)
410 4382 537 4449 Suspicor
556 4383 872 4461 pros,inlSatyruru1o“
892 4385 1075 4450 reponendum
1095 4399 1154 4435 esse
1173 4385 1216 4449 „in
1238 4387 1317 4448 4¹-
1338 4382 1365 4433 ld
1382 4388 1420 4433 eat

327 4473 354 4523 in
375 4471 470 4523 libro
491 4499 523 4511 -
544 4470 734 4539 ,Satyrorum“.
