3542 5292
869 560 912 624 46

344 743 411 808 mili
447 744 580 808 consilio
614 743 707 807 etiam
743 742 922 828 Eumolpus
954 766 1021 829 cap.
1046 744 1123 824 111,
1149 745 1185 807 11
1210 751 1303 826 atque
1326 742 1445 824 1122

340 843 489 908 ancillam
511 844 628 908 viduae
651 843 812 929 Ephesiae
834 844 980 908 versibus
1004 843 1199 928 Vergilianis
1222 843 1275 906 vel
1305 841 1443 926 integris

344 944 397 1007 vel
416 945 592 1030 paullulum
621 945 747 1008 mutatis
780 982 817 991 ·—
853 946 892 1009 cf.
914 946 996 1008 Aen.
1016 943 1073 1024 IV,
1101 945 1171 1008 34.
1192 943 1248 1024 IV,
1270 943 1322 1023 38,
1348 943 1441 1007 39-

340 1067 411 1108 oum
435 1045 563 1109 (lomina
575 1045 819 1130 conloquentem
845 1045 968 1109 inducit
990 1054 1084 1129 atque
1104 1066 1173 1128 cap.
1196 1045 1246 1123 89,
1268 1043 1323 1108 ubi
1338 1043 1440 1107 mirus

337 1143 393 1208 ille
408 1155 503 1230 poeta
523 1145 608 1209 baud
630 1146 800 1209 humillimi
823 1146 964 1231 spirituS,
989 1155 1023 1209 ut
1044 1146 1113 1232 ipsc
1123 1145 1301 1229 profitetur,
1317 1142 1438 1208 Troiae

337 1243 471 1309 Halosin
509 1244 653 1310 versibus
687 1246 820 1331 pandit,
855 1244 910 1310 vel
942 1246 1119 1310 aemulatur
1146 1244 1338 1328 Vergilium.
1386 1243 1439 1308 De

336 1366 399 1430 qua
421 1367 457 1409 re
479 1347 625 1410 conferas
649 1368 730 1430 quae
752 1344 940 1430 Lessingius
970 1347 1003 1410 iu
1037 1346 1119 1410 libro
1141 1346 1193 1429 qui
1214 1343 1368 1409 Laocoon
1393 1343 1438 1407 in-

336 1445 486 1510 scribitur
501 1444 754 1510 ed.Lacbm.alt.
768 1446 823 1528 VI,
833 1447 940 1533 pseu
958 1468 1005 1532 sq.
1030 1446 1207 1532 disputavit.
1232 1444 1348 1530 Neque
1371 1443 1440 1509 Tri·

337 1545 472 1610 malchio
488 1569 549 1630 qua
562 1555 609 1610 cst
620 1548 798 1612 urbanitate
810 1548 993 1632 Vergilium
1005 1571 1069 1612 non
1079 1547 1183 1626 novit3
1196 1568 1267 1610 nam
1278 1568 1346 1630 cap.
1356 1545 1408 1626 39,
1419 1544 1439 1608 3

333 1646 458 1733 ,Rogq
474 1647 584 1732 inquit,
599 1669 650 1711 me
666 1649 780 1734 putatis
791 1649 846 1713 illa
869 1672 968 1714 coena
991 1672 1062 1715 esse
1087 1657 1278 1729 contentum,
1293 1669 1390 1732 quam
1406 1645 1439 1711 in
1463 1681 1467 1687 ·

335 1746 427 1812 theca
444 1749 625 1835 repositorii
645 1749 820 1814 videratis?
839 1752 904 1815 sie
925 1759 1050 1814 notus
1069 1749 1266 1816 Ulixes‘l“
1288 1749 1328 1813 of.
1355 1748 1439 1812 Aen.

334 1845 376 1926 II,
388 1847 439 1910 44.
459 1847 550 1913 Patet
562 1848 642 1913 baec
654 1852 753 1914 verba
771 1849 833 1914 iam
847 1851 902 1915 illa
925 1861 1026 1915 aetate
1039 1851 1072 1915 in
1093 1849 1300 1937 proverbium
1324 1847 1439 1922 abiise,

334 1957 369 2011 ut
387 1947 484 2013 hodIe
497 1958 679 2013 nostrorum
690 1959 857 2035 poetarum
875 1974 988 2015 versus
1004 1951 1132 2036 quidam
1156 1950 1297 2014 omnium
1318 1969 1376 2013 ore
1395 1948 1439 2012 fc·

334 2057 456 2112 runtur.
469 2046 621 2115 Oeterum
636 2050 815 2136 Eumolpus
830 2051 997 2116 Horatium
1015 2075 1141 2137 quoque
1156 2051 1194 2115 ad
1208 2058 1314 2136 partes
1338 2058 1439 2130 vocat,

334 2173 352 2213 a
379 2171 441 2234 quo
466 2173 533 2236 cap.
557 2151 627 2232 118,
648 2152 670 2214 4
692 2151 772 2215 illud
794 2148 885 2233 ,Odi
916 2155 1086 2238 profanum
1113 2152 1232 2237 vulgus
1261 2159 1292 2215 et
1322 2154 1437 2214 arceo“

335 2249 440 2313 sumit.
469 2247 586 2334 Neque
609 2251 730 2333 dubito,
748 2251 823 2336 quin
837 2253 973 2338 scriptor
996 2252 1089 2316 etiam
1110 2252 1246 2316 aliorum
1270 2259 1440 2337 poetarum

334 2351 443 2431 locos,
478 2349 531 2435 qui
552 2350 591 2415 ad
615 2374 673 2415 nos
694 2373 760 2416 non
783 2363 1015 2436 pervenerunt,
1040 2353 1130 2439 operi
1150 2374 1207 2417 suo
1232 2351 1284 2417 hie
1301 2351 1369 2418 illic
1393 2351 1440 2416 in·

335 2452 482 2516 seruerit.
524 2450 598 2517 Huc
619 2454 726 2519 refero
750 2475 878 2518 carmen
888 2454 1143 2539 Agamemnonis
1166 2455 1303 2519 rhetoris
1321 2475 1389 2540 cap.
1408 2454 1440 2537 5,

334 2553 421 2637 quod
449 2555 489 2619 ad
509 2552 626 2618 Lucilii
652 2555 820 2639 exemplar
847 2556 1057 2642 compositum
1082 2577 1153 2621 esse
1175 2553 1352 2621 verisimile
1376 2563 1434 2619 est.

334 2652 373 2718 cf.
402 2651 503 2718 Iahnii
538 2654 666 2739 proleg.
696 2655 729 2718 in
757 2654 848 2720 Pers.
876 2677 952 2741 pag.
983 2654 1083 2720 LVII.
1111 2656 1215 2721 Porro
1244 2656 1345 2719 verba
1369 2655 1434 2736 ,in-

333 2753 468 2838 geniosa
500 2755 577 2839 gula
609 2759 675 2819 est“
705 2777 771 2841 cap.
796 2758 856 2821 119
878 2779 919 2820 ex
943 2757 1005 2821 alio
1028 2767 1124 2842 poeta
1146 2757 1244 2843 petita
1264 2777 1335 2820 esse
1357 2754 1435 2819 ideo

336 2853 502 2938 suspicor,
538 2855 625 2939 quod
657 2856 750 2920 etiam
777 2857 864 2940 apud
883 2857 1061 2922 Martialem
1086 2857 1185 2940 XIII,
1208 2856 1249 2922 62
1271 2858 1435 2943 leguntur.

334 2951 428 3033 Quae
448 2955 585 3040 scriptor
607 2977 734 3020 sumere
755 2956 858 3040 potuit
880 2979 922 3022 ex
945 2959 1083 3023 carmine
1107 2958 1201 3044 quale
1226 2969 1314 3023 eraut
1339 2955 1436 3021 Ennii

332 3051 609 3139 Hedupbagctiea.
651 3053 767 3140 Neque
800 3078 908 3122 errare
931 3057 1008 3122 mihi
1029 3057 1165 3139 videor,
1199 3059 1225 3122 si
1246 3056 1435 3121 Petronium

332 3154 425 3219 bellis
457 3155 521 3220 illis
555 3156 723 3238 versibus,
765 3180 843 3243 quos
871 3182 938 3245 cap.
963 3161 1014 3240 34,
1037 3161 1078 3224 10
1099 3170 1129 3223 et
1151 3181 1219 3245 cap.
1243 3159 1294 3240 53,
1319 3158 1340 3222 3
1363 3154 1436 3220 Tri-

331 3254 543 3319 malchionem
557 3264 705 3340 tanquam
720 3280 794 3322 suos
811 3259 996 3323 recitantem
1011 3260 1093 3341 facit,
1107 3258 1274 3342 aequalem
1288 3255 1432 3340 aliquem

331 3362 458 3438 poetam
493 3355 588 3419 simili
620 3357 742 3421 ratione
764 3358 988 3444 perstringere
1021 3359 1161 3423 voluisse
1191 3356 1336 3438 conicio,
1370 3377 1435 3439 qua

333 3457 472 3522 carmine
497 3459 537 3523 de
561 3459 648 3523 bello
672 3460 754 3525 civili
775 3460 844 3525 sine
860 3459 1128 3526 dubioLucanum
1142 3457 1316 3524 cavillatur.
1338 3453 1434 3520 Hanc

332 3557 462 3642 quidem
495 3558 536 3623 de
557 3556 686 3624 Lucano
710 3561 928 3644 quaestionem
957 3583 1035 3624 mox
1057 3559 1201 3624 absolvat
1223 3553 1434 3638 Moesslerus,

332 3660 385 3746 qui
417 3659 540 3726 duabus
573 3662 725 3748 perbonis
755 3661 1072 3729 commentationibus
1102 3662 1190 3725 illam
1219 3667 1353 3723 tractare
1387 3657 1435 3721 in-

333 3760 458 3825 ehoavit
469 3762 506 3847 ¹).

374 3860 453 3948 Cap.
479 3864 549 3944 117,
574 3864 594 3928 9
616 3861 790 3948 Encolpius
814 3854 947 3946 eiusque
967 3860 1043 3926 socii
1066 3859 1149 3925 inter
1171 3882 1206 3925 se
1238 3857 1437 3924 conveniunt

331 3970 588 4027 testamentorum
625 3971 800 4048 captatores
829 3961 1055 4029 Crotonienses
1078 3961 1120 4025 ita
1141 3960 1291 4041 eludere,
1323 3967 1359 4022 ut
1390 3980 1435 4023 ex

331 4085 437 4128 cocca—
451 4084 562 4127 eorum
584 4063 740 4149 pecuniae
764 4063 936 4150 eupiditate
959 4085 1052 4148 quam
1075 4061 1272 4128 uberrimum
1294 4061 1435 4124 fructum

332 4163 464 4248 capiant.
497 4162 790 4250 ItaquenEumolpo
811 4165 950 4229 hominis
972 4162 1159 4250 praedivitis
1183 4181 1355 4248 personam
1374 4159 1434 4224 im-

368 4375 395 4441 1)
415 4372 560 4429 Commeat.
589 4378 623 4429 de
654 4377 760 4430 Petrou.
792 4380 879 4445 po'em.
906 4379 939 4430 ds
970 4377 1043 4430 bello
1074 4378 1160 4429 civili.
1182 4375 1323 4428 VraIIslav.
1350 4374 1433 4429 1842.

331 4463 522 4526 oraculorum
534 4464 685 4519 Petroniam.
704 4468 853 4533 specimen.
873 4464 975 4533 (1858).
