3542 5292
868 569 909 632 aa
974 640 976 643 ,

329 766 377 821 cst
400 754 572 820 intellectu.
604 754 670 816 Aut
692 751 898 817 scribendum
917 760 979 814 ost:
1006 752 1064 832 ,in
1087 758 1311 814 monumento
1337 769 1440 828 meo,

312 864 383 932 ,aut
404 864 476 919 ante
500 852 676 938 genitivum
698 873 816 915 nomen
839 850 906 914 cius
928 850 992 914 loci
1007 849 1178 931 intercidit,
1191 850 1224 912 in
1247 871 1311 932 quo
1335 871 1440 915 naves

330 956 411 1041 fingi
433 955 521 1019 iubet
542 951 744 1016 Trimalchio.
789 951 857 1018 Sed
880 951 981 1014 fateor
1011 951 1091 1014 nihil
1124 950 1201 1014 mihi
1222 951 1438 1030 succurrisse,

331 1056 418 1140 quod
442 1055 515 1119 huic
536 1052 648 1118 rationi
673 1051 867 1116 conveniret.

373 1156 451 1241 (lap.
475 1155 524 1234 72,
551 1155 572 1218 4
591 1151 812 1235 ,Coniciamus
846 1174 905 1216 nos
926 1152 959 1214 in
981 1152 1150 1232 balneum,
1178 1172 1251 1214 meo
1273 1149 1436 1236 periculo,

331 1278 396 1321 non
418 1255 601 1342 poenitebit.
636 1240 853 1335 ‘vei-o'vero’,
877 1253 978 1336 inquit
1000 1251 1181 1330 HabinuaS,
1211 1251 1264 1316 ‘de
1287 1273 1354 1314 una
1381 1249 1437 1314 die

310 1357 407 1420 duas
431 1357 557 1436 facere,
592 1353 672 1416 nihil
705 1353 797 1416 malo’
822 1352 980 1437 nudisque
1014 1351 1215 1416 consurrexit
1236 1350 1377 1436 pedibus
1401 1360 1434 1415 et

330 1455 598 1520 Trimalchionem
628 1453 824 1538 gaudentem
857 1453 1040 1536 subsequi“.
1084 1449 1159 1514 Non
1193 1450 1302 1515 dubito
1319 1498 1329 1531 ,
1355 1450 1434 1535 quin

330 1565 463 1642 propter
477 1556 651 1619 litterarum
667 1552 906 1618 similitudinem
920 1555 1055 1618 verbum
1077 1551 1229 1637 ,eoepit“,
1242 1589 1284 1601 -
1297 1551 1383 1636 cepit
1397 1589 1433 1600 -—

333 1656 418 1741 quod
441 1656 475 1719 in
498 1655 619 1720 deliciis
640 1655 736 1719 habet
756 1651 947 1733 Petronius,
980 1662 1055 1739 post
1087 1652 1275 1735 ,subsequi“
1300 1651 1432 1734 interci-

333 1756 434 1837 derit,
465 1765 501 1819 ut
528 1755 591 1820 iam
614 1756 815 1818 Burmannus
843 1762 931 1817 recte
953 1751 1180 1817 animadvertit.
1202 1753 1240 1816 cf.
1265 1774 1333 1839 cap.
1357 1753 1386 1833 6,
1412 1753 1433 1817 3

333 1857 468 1938 „cursim
479 1855 648 1940 Ascyltum
670 1853 821 1941 persequi
844 1854 966 1939 coepi‘.
990 1853 1068 1940 Cap.
1093 1854 1148 1934 7,1
1178 1861 1228 1935 ,et
1250 1851 1356 1937 coepit
1381 1873 1434 1917 me

332 1957 558 2043 praecederet
603 1954 671 2024 Sed
693 1954 822 2020 alterius
845 1954 912 2018 vitii
944 1955 1201 2018 emendationem
1228 1951 1434 2018 Burmannus

334 2057 425 2123 nobis
452 2056 596 2141 reliquit3
622 2056 690 2141 quis
722 2056 806 2119 enim
837 2078 903 2120 non
927 2055 1022 2118 sentit
1060 2077 1155 2139 quem
1177 2053 1369 2140 languidum
1392 2053 1435 2120 sit

333 2167 426 2243 atque
449 2157 573 2221 aridum
595 2156 785 2223 vocabulum
810 2156 1069 2241 ,gaudentem‘l
1092 2155 1226 2241 Aliquid
1248 2157 1435 2242 circumspi-

334 2258 484 2322 ciendum
509 2265 566 2337 est,
591 2278 652 2342 quo
668 2255 862 2321 Trimalchio
877 2256 1058 2341 turpissima
1074 2256 1226 2321 ebrietate
1249 2255 1311 2320 iam
1325 2255 1437 2342 gravis

336 2357 424 2443 quasi
445 2366 516 2422 ante
545 2358 654 2422 oculos
681 2359 773 2422 nobis
807 2367 951 2443 ponatur.
994 2360 1103 2443 Atque
1134 2358 1167 2422 in
1195 2369 1346 2446 promptu
1386 2368 1436 2424 est

337 2458 516 2543 corrigere:
541 2467 592 2540 ,et
604 2456 872 2525 Trimalchionem
894 2459 1165 2546 plaudentem
1183 2458 1334 2544 subsequi
1361 2481 1434 2525 coe-

335 2559 410 2646 pir‘.
435 2560 473 2624 cf.
498 2583 565 2647 cap.
587 2560 690 2642 26,1
726 2559 810 2642 ,lam
845 2559 952 2626 ebriae
980 2560 1131 2625 mulieres
1153 2560 1288 2646 longum
1311 2581 1435 2647 agmen

334 2661 593 2746 plaudentes
618 2662 783 2726 fecerant“.
810 2660 962 2747 captu,
987 2663 1027 2726 10
1065 2662 1151 2744 ,lam
1186 2662 1332 2730 Scintilla
1368 2663 1435 2730 fre·

336 2762 483 2846 quentius
507 2762 760 2846 plaudebat,
787 2785 881 2847 quam
902 2763 1121 2848 loquebatur“.
1157 2762 1234 2828 Post
1249 2765 1349 2829 verba
1375 2764 1438 2848 ,de

335 2885 397 2926 una
419 2910 426 2924 .
450 2911 456 2924 .
481 2912 488 2926 .
511 2859 646 2942 facere“,
682 2884 762 2947 quae
793 2871 940 2947 tanquam
963 2863 1122 2927 obiectum
1144 2864 1316 2929 verborum
1336 2864 1439 2945 ,uihil

335 2962 435 3028 malo“
449 2963 636 3048 accipienda
657 2973 737 3046 sunt,
751 2963 931 3051 paullulum
946 2963 1060 3028 insistit
1074 2965 1184 3045 oratio,
1203 2967 1287 3049 quod
1302 2986 1435 3048 moneo,

337 3085 377 3128 ne
402 3062 471 3146 quis
494 3063 526 3126 in
549 3065 783 3130 constructione
804 3066 976 3130 verborum
1001 3066 1152 3130 offendat.

379 3164 456 3247 Cap.
479 3164 536 3244 72,
568 3166 588 3230 9
620 3165 678 3248 ,Et
711 3163 809 3232 Giton
839 3166 969 3251 quidem
1000 3166 1063 3231 iam
1097 3165 1218 3230 dudum
1247 3188 1282 3230 se
1310 3166 1438 3234 ratione

336 3264 514 3332 acutissima
541 3266 723 3331 redemerat
746 3293 763 3333 a
786 3290 879 3347 caue3
912 3267 1066 3352 quidquid
1088 3267 1171 3332 euim
1193 3293 1211 3332 a
1232 3267 1323 3333 nobis
1344 3292 1436 3336 acce·

337 3375 428 3451 perat
457 3366 497 3429 de
524 3388 622 3431 coena
649 3366 773 3432 latranti
805 3378 971 3461 sparserat.
1023 3369 1068 3432 At
1098 3368 1154 3432 ille
1180 3379 1327 3435 avocatus
1363 3370 1439 3437 cibo

339 3467 477 3530 furorem
510 3473 758 3552 suppresserat‘.
806 3469 884 3549 ,ΑΨ
912 3469 1099 3556 particulam
1135 3470 1212 3534 ferri
1241 3493 1305 3535 non
1337 3492 1439 3556 posse

339 3566 488 3633 Heinsius
512 3568 612 3649 vidit,
633 3570 699 3633 ‘sed
729 3592 841 3656 parum
868 3571 1069 3636 considerate
1089 3571 1167 3652 ,ita“
1199 3571 1295 3636 scribi
1324 3571 1440 3655 voluit,

340 3690 420 3750 quae
443 3667 597 3751 particula
619 3691 749 3754 prorsus
773 3671 873 3735 otiosa
897 3671 1018 3753 evadit,
1043 3694 1113 3735 cum
1136 3671 1238 3753 ratio,
1263 3694 1324 3756 qua
1351 3673 1441 3736 cauis

342 3777 499 3848 avocatur,
521 3766 657 3832 ablativo
680 3769 786 3852 ,cibo“
810 3770 883 3834 satis
896 3792 1058 3855 superque
1074 3771 1279 3856 exprimatur.
1301 3771 1441 3856 llepoue

341 3875 398 3946 „et
418 3865 474 3931 ille
496 3873 671 3932 avocatus“.

385 3963 463 4052 Cap.
487 3968 537 4050 73,
560 3969 580 4032 6
613 3967 714 4050 ,Tum
737 3968 952 4036 Trimalchio:
974 3972 1094 4053 Amici,
1116 3973 1228 4057 inquit,
1252 3971 1350 4038 hodie
1371 3994 1442 4040 ser-

343 4089 402 4130 vus
431 4089 520 4131 meus
548 4070 758 4136 barbatoriam
781 4071 872 4152 fecit,
895 4073 991 4137 homo
1014 4072 1198 4160 praefiscini
1219 4073 1308 4158 frugi
1328 4082 1360 4138 et
1381 4077 1443 4140 mi-

343 4166 455 4231 carius.
497 4167 608 4255 ltaque
640 4181 737 4257 tango
768 4195 877 4238 menas
914 4174 1063 4239 faciamus
1094 4183 1125 4238 et
1155 4176 1310 4258 usquein
1331 4175 1443 4242 lucem

345 4273 545 4332 coeuemm‘t
581 4269 697 4337 Nonne
719 4272 861 4359 ineptum
886 4275 1043 4359 estquod
1069 4272 1274 4357 Trimalchio,
1299 4272 1352 4359 qui
1372 4283 1441 4340 tan-

345 4375 407 4431 tam
430 4368 579 4434 familiam
601 4371 705 4454 habet,
729 4377 839 4436 utrix
864 4374 988 4439 decima
1008 4396 1079 4459 pars
1104 4375 1233 4439 domino
1247 4375 1442 4462 innotuerit,

344 4503 384 4516 -·
408 4470 445 4533 cf.
469 4472 676 4557 cap.37‚9-
694 4473 735 4538 de
754 4495 865 4556 ,servo
889 4480 965 4539 suo“
988 4476 1153 4562 loquitur?
1175 4475 1258 4542 Nam
1282 4476 1369 4562 quod
1381 4477 1441 4545 tibi
