3542 5292
833 519 871 582 17

303 702 473 786 leguntur:
496 701 561 782 „Et
585 709 661 786 quot
683 709 775 786 putas
796 699 887 764 illurn
920 721 1018 764 annos
1041 720 1150 764 secum
1172 698 1312 762 tulisse?
1333 718 1405 783 sep-

303 802 445 886 tuaginta
470 811 501 866 et
522 824 635 888 supra3
658 801 716 865 sed
738 800 909 866 corneolus
925 801 1004 876 fuit3
1025 808 1162 864 aetatem
1173 799 1257 862 benc
1272 798 1404 879 ferebat,

224 907 226 912 '
303 900 398 985 niger
410 911 559 986 tanquam
577 923 700 966 corvos.
730 900 895 966 Noveram
908 899 1071 964 hominem
1094 898 1194 963 olim
1213 896 1403 978 oliorum,

295 994 337 1064 et
358 1000 462 1065 adhue
482 1002 572 1066 salax
596 1006 699 1065 erat.“
749 1000 949 1066 Coniecturis
972 1000 1081 1084 quales
1112 999 1172 1064 hae
1202 1007 1276 1062 sunt
1304 998 1405 1080 „olim

303 1101 532 1182 mulierarium,
546 1102 737 1184 molitorem,
753 1101 959 1166 molliorem“
980 1100 1100 1184 frigida
1114 1100 1259 1164 eiusdem
1280 1109 1404 1164 senten-

302 1200 364 1264 tiae
393 1201 520 1264 iteratio
553 1201 708 1281 iniertur,
740 1201 859 1288 optime
891 1223 968 1264 vero
1003 1201 1043 1264 de
1076 1200 1139 1264 hoe
1165 1199 1238 1266 loco
1262 1198 1404 1265 Orellius

303 1301 474 1387 disputavit
497 1302 567 1365 leot.
588 1301 715 1365 Petron.
737 1324 768 1387 p.
793 1302 824 1365 5.
847 1300 1027 1382 „Sanum“,
1047 1300 1149 1384 inquit
1161 1300 1251 1382 „hoo
1263 1309 1341 1386 puto
1355 1348 1361 1364 .
1375 1347 1405 1363 ..

302 1400 456 1484 Agnosco
482 1425 662 1466 sermonem
684 1401 857 1487 plebeium.
892 1401 1019 1466 Etenim
1050 1400 1139 1486 quasi
1162 1400 1258 1464 ‘olim'
1288 1423 1405 1465 nomen

305 1510 388 1564 esset
411 1501 612 1585 declinabiie,
624 1501 653 1566 ei
663 1502 841 1567 commodat
852 1502 1001 1588 garrulus
1015 1501 1190 1586 genitivum
1201 1510 1304 1565 neutr.
1321 1501 1404 1587 plur.

303 1597 404 1664 ‘Olim
418 1602 563 1667 oliorum’
588 1612 636 1667 est
647 1612 719 1668 ante
730 1604 925 1688 permultum
938 1612 1074 1688 tempus,
1090 1624 1150 1686 per
1161 1602 1278 1667 multos
1295 1623 1405 1667 annos.

295 1701 478 1786 ¹Compares
510 1701 796 1788 Franeogallorum
828 1706 907 1769 ὰῖα
921 1705 972 1792 fio
998 1705 1053 1768 des
1067 1704 1144 1789 flos.
1194 1701 1299 1769 Simili
1332 1724 1404 1768 con-

302 1803 475 1867 structione
508 1826 576 1888 cap.
609 1805 649 1868 37
682 1811 898 1869 ‘nummorum
927 1806 1118 1868 nummos“‘.
1165 1803 1242 1868 Mihi
1274 1802 1403 1888 quidem

302 1901 444 1989 Orellius
466 1904 549 1969 hanc
570 1902 758 1970 sententiam
770 1905 927 1992 probavit,
950 1907 1008 1970 sed
1029 1928 1163 1992 prorsus
1187 1904 1402 1970 necessarium

302 2014 357 2084 est,
383 2008 481 2070 verba
503 2005 557 2070 illa
577 2007 693 2071 leniter
713 2006 756 2072 ita
778 2007 962 2092 refingeret
984 2006 1084 2088 „olIm
1110 2005 1366 2070 olimorum.“
1376 2007 1402 2090 1)

342 2106 419 2195 Cap.
437 2108 488 2189 42,
509 2110 529 2172 2
552 2108 645 2189 „Nec
671 2130 748 2172 sane
767 2108 877 2173 lavare
897 2110 996 2194 potui,
1017 2109 1062 2198 fui
1083 2108 1167 2172 enim
1189 2107 1287 2175 hodie
1304 2106 1338 2171 in
1356 2109 1404 2172 fu-

300 2231 370 2272 nus.
394 2209 500 2274 Homo
522 2210 624 2274 bellus
651 2219 712 2274 tam
729 2212 842 2291 honus,
861 2209 1082 2292 Chrysanthus
1103 2209 1240 2275 animam
1264 2209 1403 2288 ebulliit;

206 2319 207 2325 ’
300 2312 398 2375 modo
422 2312 517 2375 modo
538 2334 589 2376 me
609 2312 806 2399 appellavit“
831 2335 858 2376 c.
881 2334 910 2396 q.
935 2311 1093 2376 alterata
1113 2310 1270 2398 particula
1292 2316 1404 2393 „tanr‘

300 2410 514 2476 correxerim:
550 2411 680 2492 „Homo
711 2422 789 2477 tam
812 2412 918 2476 bellus
950 2422 1013 2476 tam
1036 2413 1154 2493 bonus,
1178 2409 1400 2496 Chrysanthus

304 2513 437 2577 animam
454 2512 612 2578 ebulliit.“
634 2513 774 2597 Vulgata
791 2513 875 2578 enim
896 2512 1053 2598 scriptura
1071 2511 1179 2576 neseio
1195 2511 1271 2596 quid
1283 2512 1401 2596 ingrati

303 2624 395 2697 atque
419 2613 611 2677 incommodi
633 2613 746 2695 habet,
771 2635 950 2699 quanquam
971 2613 1035 2678 hoc
1058 2614 1192 2677 fortasse
1227 2611 1330 2697 magis
1362 2612 1402 2676 ad

302 2736 432 2778 sensnm
463 2715 606 2780 recurrit.
650 2714 776 2781 Certius
802 2736 880 2779 vero
907 2715 1020 2780 eadem
1045 2713 1168 2778 ratione
1201 2713 1282 2778 haec
1303 2715 1401 2778 verba

304 2816 466 2880 emendari
498 2826 649 2903 possunt,
685 2817 797 2902 quibus
832 2838 900 2902 cap.
936 2818 1016 2895 111,
1046 2815 1066 2879 3
1096 2815 1252 2880 obstinata
1285 2815 1402 2879 viduae

300 2920 461 3006 Ephesiae
494 2919 669 3007 pertinacia
703 2917 918 2983 describitur:
963 2915 1043 2999 „Sic
1069 2915 1274 2981 afflictantem
1305 2937 1341 2979 se
1372 2924 1403 2978 et

300 3029 434 3085 mortem
465 3021 570 3085 inedia
600 3027 848 3106 persequentem
882 3039 947 3080 non
974 3024 1123 3102 parentes
1152 3023 1327 3101 potuerunt
1348 3015 1401 3078 ab·

302 3121 440 3202 ducere,
472 3142 537 3184 non
565 3117 757 3205 propinqui;
787 3115 992 3202 magistratus
1021 3114 1133 3178 ultimo
1164 3113 1286 3201 repulsi
1316 3113 1400 3179 abie-

300 3226 407 3286 runt.“
458 3219 504 3285 lta
536 3221 649 3284 tradita
684 3229 758 3284 sunt
796 3227 827 3282 et
858 3226 1084 3302 excerptorum
1119 3214 1208 3280 libris
1249 3223 1280 3278 et
1315 3213 1401 3300 apud

301 3319 455 3385 Ioannem
485 3319 756 3388 Sarisberiensem
786 3321 934 3387 Policrat.
957 3319 1052 3404 VIII,
1071 3321 1121 3384 11.
1165 3318 1232 3385 Sed
1263 3316 1400 3403 quoties·

302 3531 496 3538 *—

337 3650 365 3717 1)
390 3649 549 3701 Dubitanter
576 3647 814 3714 interpolationum
842 3647 970 3713 exemplis
998 3647 1079 3698 modo
1108 3646 1202 3698 adlatis
1231 3646 1300 3698 addo
1330 3661 1400 3714 quae

301 3754 359 3806 cap.
381 3735 433 3802 34,
454 3736 470 3790 4
490 3737 616 3803 leguntur
637 3735 771 3800 „Subinde
791 3737 957 3787 intraverunt
984 3735 1037 3786 duo
1056 3733 1204 3798 Aethiopes
1225 3769 1232 3783 .
1253 3771 1259 3782 .
1279 3770 1286 3783 .
1307 3729 1399 3800 quales

302 3826 392 3877 solent
409 3841 486 3890 esse,
504 3827 549 3892 qui
578 3840 682 3876 arenam
703 3825 730 3876 in
750 3823 945 3890 amphitheatro
965 3822 1121 3890 spargunt“.
1159 3819 1186 3872 ld
1207 3820 1313 3889 quidem
1333 3818 1397 3870 mihi

302 3915 417 3980 quisque
446 3914 586 3976 concedet,
615 3912 696 3964 verba
724 3913 765 3976 „in
795 3910 1008 3978 amphitheatro“
1035 3910 1176 3962 admodum
1212 3910 1299 3959 otiosa
1332 3921 1398 3958 esse.

291 3997 366 4068 dap.
385 3998 458 4064 35‚7
478 4001 607 4067 „Suadeo,
628 3998 900 4067 inquitTrimalehio‚
921 4015 1080 4061 coenemus;
1099 3998 1153 4050 hoe
1172 4003 1212 4048 est
1229 3997 1255 4046 in
1270 3987 1398 4046 coenac.“

301 4088 339 4140 lta
350 4088 545 4156 l'ragurianus3
564 4087 658 4140 ‘vetus’
678 4089 762 4140 codex
772 4086 953 4139 Brittannicus
965 4102 980 4138 a
994 4086 1127 4138 Palmerio
1139 4086 1253 4152 aliisque
1270 4083 1316 4134 hic
1338 4081 1397 4133 illic

301 4183 521 4229 commemoratus
541 4176 609 4242 ,hoc
629 4182 668 4226 est
687 4177 728 4226 ius
748 4173 880 4238 coenae“,
902 4190 971 4242 quae
990 4175 1171 4240 discrepantia
1190 4173 1302 4223 tortasse
1327 4169 1395 4221 nihil

299 4265 373 4318 aliud
393 4271 432 4316 est
449 4266 500 4323 nisi
515 4263 685 4330 interpolatio
707 4263 1055 4330 alteriusinterpolationis.
1073 4260 1202 4312 Nimirum
1222 4259 1347 4313 librarius
1368 4259 1396 4309 in

301 4355 421 4421 margine
436 4352 630 4403 adnotaverat:
652 4351 719 4416 „hoc
739 4357 778 4402 cst
797 4353 938 4402 initium
966 4349 1094 4402 coenae“.
1141 4348 1214 4400 llanc
1238 4349 1395 4413 scripturam

300 4446 351 4495 iarn
373 4429 498 4494 Reiskiu‘s
517 4440 645 4506 reposuit,
663 4439 710 4490 sed
729 4439 762 4490 de
781 4437 991 4504 interpolatione
1012 4453 1066 4490 non
1086 4437 1224 4505 cogitavit.

1170 4535 1191 4598 2
