3542 5292
883 567 923 633 12

254 802 257 808 .
355 769 503 814 accusare
518 747 644 838 [donec]
659 748 860 814 intervenit-‘t
904 750 997 815 Patet
1009 750 1183 815 litterarum
1199 750 1447 833 similitudinem,

355 872 421 935 qua,
445 849 592 939 librarius
624 851 774 935 deceptus
809 852 866 932 sit,
903 852 936 915 in
967 852 1015 915 his
1046 851 1203 937 exemplis
1234 851 1353 936 ubique
1382 854 1450 917 fere
1482 910 1485 916 .

354 954 494 1032 abesse,'
516 958 552 1014 ut
581 947 659 1028 nihil
687 960 803 1034 restet,
835 952 897 1018 nisi
928 961 963 1016 ut
993 973 1134 1016 errorem
1171 974 1212 1016 ex
1238 953 1351 1038 supina
1376 954 1443 1018 eius

352 1051 560 1137 neglegentia
582 1059 717 1137 repetas.
728 1051 753 1135 ¹)

401 1152 479 1238 Gap.
499 1152 549 1231 36,
573 1153 593 1217 3
621 1151 830 1233 „Notavimus
862 1153 955 1218 etiam
986 1151 1068 1217 circa
1095 1153 1231 1237 angulos
1263 1155 1447 1240 repositorii

352 1253 492 1335 Marsyas
513 1251 586 1333 llll,
613 1274 654 1317 ex
679 1275 812 1338 quorum
835 1254 978 1318 utriculis
1002 1275 1115 1338 garum
1137 1253 1314 1339 piperatum
1339 1279 1446 1320 curre-

351 1356 404 1419 bat
430 1353 670 1442 superpisceS,
703 1355 756 1438 qui
776 1353 809 1416 in
831 1353 952 1441 Euripo
977 1357 1158 1419 natabant.“
1204 1352 1259 1420 Sic
1283 1356 1442 1420 editiones

351 1464 494 1535 veteres,
531 1475 606 1538 quas
637 1453 697 1517 viri
727 1454 810 1533 docti
838 1465 960 1519 temere
980 1454 1080 1518 secuti
1101 1462 1192 1536 sunt,
1226 1452 1444 1540 Tragurianus

350 1543 461 1648 „quiq2¹
487 1563 608 1648 Euripo
621 1566 641 1602 “
671 1563 704 1625 id
729 1573 776 1626 est
797 1562 974 1627 secundum
995 1562 1137 1626 Keilium
1162 1562 1366 1649 „quicunque
1382 1563 1445 1628 Eu-

349 1665 444 1750 ripo“
476 1685 556 1748 quae
581 1663 737 1750 scriptura
761 1665 902 1748 quamvis
929 1663 1155 1749 corrumpsit,
1188 1672 1292 1728 tamen
1315 1688 1444 1730 manum

350 1765 512 1850 scriptoris
534 1765 759 1828 multominus
782 1753 875 1848 quani
899 1765 997 1830 altera
1018 1789 1036 1828 a
1058 1775 1238 1829 correctore
1260 1765 1316 1829 illa
1334 1768 1446 1830 relicta

350 1863 563 1930 oblitteravit.
594 1865 667 1930 Hoc
697 1866 781 1929 enim
809 1865 945 1952 scriptor
973 1866 1042 1930 sine
1071 1865 1168 1937 dubio
1203 1865 1310 1930 dicere
1332 1867 1443 1948 voluit,

349 1987 463 2051 garum
491 1965 573 2028 illud
604 1974 688 2029 tanta
718 1966 807 2052 copia
829 1967 1016 2030 infundum
1037 1966 1163 2052 patinae
1186 1965 1381 2048 defluxisse,
1411 1976 1447 2030 ut

349 2067 453 2154 pisces
475 2067 508 2130 in
530 2089 567 2131 ca
588 2066 683 2153 positi
705 2068 800 2154 plane
822 2068 1065 2133 viderentur
1086 2067 1118 2130 in
1132 2065 1254 2152 Euripo
1273 2077 1392 2148 natare,
1412 2079 1447 2131 ut

349 2167 460 2254 quasi
487 2167 520 2231 in
541 2166 662 2254 Euripo
686 2178 840 2232 natarent.
884 2168 994 2254 ltaque
1018 2191 1060 2232 ex
1081 2167 1271 2252 Traguriani
1294 2168 1442 2252 vestigiis

347 2270 570 2356 reponendum
594 2280 657 2334 est:
678 2270 756 2356 „qui
776 2280 967 2355 tanquam
990 2270 1029 2333 in
1050 2267 1172 2355 Euripo
1195 2271 1375 2334 natabarrt.“

332 2454 335 2458 .
391 2371 719 2457 Cap.37,61ibertos
750 2371 877 2456 quidam
909 2371 949 2434 de
973 2369 1164 2434 Fortunatae
1200 2368 1443 2432 Trimalchionis

349 2472 458 2537 uiroris
488 2472 629 2536 moribus
651 2472 761 2558 lepide
782 2472 824 2536 ita
844 2471 1039 2536 hariolatur:v
1056 2470 1159 2552 „haec
1179 2468 1314 2555 lupatria
1335 2468 1441 2552 provi-

350 2575 404 2639 det
424 2573 527 2638 omnia
549 2583 580 2637 et
596 2573 651 2638 ubi
672 2596 735 2637 non
756 2584 848 2660 putes
870 2582 927 2654 est,
951 2573 1043 2655 sicca,
1063 2571 1180 2652 sobria,
1196 2574 1353 2636 bonorum
1368 2571 1440 2634 cun-

347 2676 500 2740 siliorum.
525 2674 660 2739 Tantum
676 2675 743 2739 auri
759 2676 859 2738 vides.
879 2673 938 2737 Est
957 2683 1063 2737 tamen
1084 2673 1185 2737 malae
1207 2671 1346 2755 linguae,
1369 2669 1441 2753 pica

349 2775 549 2863 pulvinaris“
578 2797 605 2838 e.
629 2796 657 2859 q.
680 2798 703 2838 s.
747 2772 833 2853 Quid
859 2773 957 2837 lateat
983 2773 1016 2835 in
1037 2793 1117 2836 voce
1146 2779 1294 2854 corrupta
1328 2769 1442 2853 „lupa-
1500 2804 1502 2808 ·

349 2874 451 2957 tria‚“
481 2875 568 2939 unde
591 2876 675 2958 quod
699 2874 868 2939 Reinesius
892 2873 997 2937 effecit
1025 2873 1216 2957 ‚‚eupatria“
1240 2870 1355 2934 iniuria
1391 2870 1444 2933 ad·
1507 2911 1509 2915 .

348 2998 477 3040 sensum
507 2975 578 3039 tulit
609 2974 783 3056 editorum,
816 2973 976 3061 probabili
1006 2973 1188 3037 coniectura
1209 2971 1342 3056 adsequi
1365 2969 1443 3033 milri

347 3100 413 3142 non
434 3077 575 3162 contigit.
616 3077 729 3142 Altera
749 3098 827 3140 vero
852 3075 1032 3155 difficultas,
1055 3096 1136 3159 quae
1156 3095 1222 3136 non
1244 3073 1366 3136 minora
1388 3093 1443 3135 ne-

347 3179 435 3265 gotia
465 3178 608 3243 exhibuit
633 3178 709 3242 viris
732 3178 850 3259 doctis,
881 3177 914 3240 in
929 3176 1043 3241 ·verbis
1067 3184 1211 3256 „tantum
1230 3173 1300 3258 auri
1325 3173 1442 3239 vides“

347 3281 448 3366 posita
470 3291 526 3363 est,
550 3281 662 3366 quibus
684 3302 824 3345 conexus
848 3277 997 3343 orationis
1020 3276 1136 3340 mirum
1150 3276 1181 3338 in
1199 3275 1329 3339 modum
1343 3276 1439 3338 inter-

346 3381 513 3468 rumpitur.
533 3381 616 3446 Nam
638 3382 780 3467 argutius
802 3404 879 3446 sane
893 3382 1069 3462 'Studerua
1087 3384 1212 3446 observ.
1236 3378 1302 3444 crit.
1324 3378 1357 3440 in
1380 3377 1458 3453 Pa

347 3491 427 3545 tron.
461 3504 591 3547 coenam
616 3483 786 3547 Trimaleb.
807 3505 839 3568 p.
864 3484 904 3547 10
925 3482 1003 3548 haec
1022 3485 1124 3566 ,verba
1143 3480 1328 3567 interposita
1351 3485 1439 3564 putat

347 3605 365 3647 a
391 3568 521 3647 librario
542 3583 704 3647 transitum
725 3584 765 3647 ad
788 3605 824 3647 ea
843 3592 1010 3670 paraturo,
1048 3604 1128 3668 quae
1149 3578 1357 3664 vituperanda
1380 3600 1437 3664 pu·

346 3690 435 3765 taret,
449 3685 536 3769 quasi
558 3686 637 3752 haec
661 3686 795 3751 diceret:
818 3685 889 3768 „Eo
915 3708 1015 3771 usque
1037 3706 1148 3748 aurum
1172 3691 1219 3747 est
1237 3679 1321 3766 quod
1338 3679 1439 3757 vides,

346 3784 404 3847 sed
427 3806 533 3869 neque
554 3788 675 3853 scoriae
699 3788 822 3870 desunt,
850 3787 1116 3873 quibusvirtutes
1132 3784 1206 3848 illae
1224 3780 1438 3847 contaminen-

347 3889 433 3949 tur.“
474 3885 517 3952 Ut
544 3887 647 3953 statim
670 3889 788 3971 dicam,
819 3889 895 3973 quid
918 3889 959 3953 de
982 3888 1031 3952 his
1053 3886 1160 3952 verbis
1182 3883 1332 3964 sentiam,
1365 3905 1439 3946 sana

351 4105 543 4114 —-.-.—.—-..

382 4237 409 4308 1)
428 4238 491 4307 Cap.
510 4239 554 4306 32,
572 4239 590 4292 4
609 4240 655 4304 „Et
671 4257 704 4293 ne
724 4240 769 4291 bas
790 4248 888 4292 tanturn
906 4240 1058 4292 ostenderet
1076 4239 1195 4301 divitias,
1214 4238 1330 4288 dextrum
1351 4235 1437 4286 nuda-

347 4330 386 4380 vit
403 4328 529 4380 lacertum
552 4329 655 4380 armilla
669 4345 747 4381 aurea
767 4329 864 4380 cultum
886 4339 912 4381 et
930 4328 1029 4382 eboreo
1052 4326 1155 4378 circulo
1170 4326 1267 4377 lamina
1280 4323 1438 4391 splendente

348 4417 520 4468 cannarum“.
542 4415 664 4468 Fortasse
684 4417 867 4483 reponendum
888 4415 941 4485 est:
965 4415 1151 4482 „conexis“.
1172 4413 1332 4479 interpretes
1351 4417 1439 4464 tacent

348 4505 424 4573 quasi
445 4506 534 4556 omnis
553 4511 624 4557 recte
643 4521 672 4558 se
691 4505 813 4558 babeant.
