3542 5292
867 535 905 598 31

336 720 412 806 quia
432 718 511 783 nihil
532 728 580 783 est
609 718 725 782 secreti
747 717 830 781 solet
857 715 892 780 id
925 714 1115 779 vocabulum
1137 713 1242 780 solute
1260 713 1439 780 viventibus

335 819 444 885 obici‘t
487 817 601 882 Paullo
624 815 788 885 obscurius
810 815 925 880 Festus
948 814 1105 900 loquitur3
1126 835 1234 899 neque
1258 814 1341 878 enim
1365 815 1439 878 satis

335 919 544 1007 perspicuum
570 927 618 982 est
645 926 753 982 utrum
774 915 835 1002 ipsi
859 915 1007 979 hominos
1031 913 1186 979 dissolute
1206 914 1351 978 viventes
1373 937 1438 978 ma-

303 1055 307 1061 ,
333 1021 417 1108 palia
439 1017 591 1106 adpellati
626 1017 688 1082 sint
709 1039 749 1081 an
770 1038 852 1102 quae
875 1015 1054 1080 secundum
1075 1015 1158 1079 hanc
1178 1013 1261 1077 vitae
1283 1013 1439 1079 rationem

340 1129 490 1208 egerunt.
547 1117 615 1186 Sed
638 1126 673 1182 ut
702 1126 737 1182 ut
760 1117 840 1212 haec
860 1125 952 1196 sunt,
985 1124 1072 1179 certe
1100 1113 1229 1178 minime
1260 1125 1443 1201 repugnant

334 1222 415 1286 haec
434 1219 519 1285 Festi
543 1221 640 1284 verbo
665 1216 867 1305 explicationi
899 1224 1039 1281 nostrae.
1091 1215 1136 1279 At
1149 1261 1160 1295 ,
1201 1215 1332 1299 quaeris
1346 1264 1356 1297 ,
1387 1217 1441 1301 qui

337 1321 469 1388 tandem
491 1319 562 1386 fieri
583 1318 705 1407 potuit,
735 1326 770 1382 ut
793 1341 858 1382 una
888 1317 1068 1400 eademque
1097 1324 1264 1379 vocatam
1294 1314 1454 1381 diversae·

336 1423 483 1490 notiones
515 1443 609 1507 quam
643 1419 843 1505 ‘tugurium'
878 1427 974 1503 atquo
1005 1415 1243 1502 ‘quisquiliae',
1279 1415 1439 1503 ‘ineptiae'

337 1520 624 1611 exprimerentur?
669 1520 706 1584 ld
743 1542 781 1585 eo
817 1518 920 1605 magis
956 1519 1128 1582 obscurum
1165 1538 1236 1580 esse
1273 1516 1438 1582 fatendum

338 1633 403 1706 ost,
426 1623 514 1710 quod
536 1622 683 1688 homines
704 1619 823 1707 plebeii
854 1617 1102 1706 peregrinorum
1133 1638 1215 1701 quae
1247 1617 1361 1682 alicubi
1385 1640 1440 1683 ex·

338 1732 494 1812 ceperunt
514 1721 743 1788 vocabulorum
771 1719 906 1807 primam
936 1743 973 1783 ac
1001 1716 1357 1803 genuinamnotionem
1380 1741 1440 1782 usu

340 1824 526 1912 quotidiano
555 1823 669 1888 mirum
704 1821 737 1884 in
758 1819 891 1884 modum
913 1842 950 1884 ac
967 1842 1101 1906 prorsus
1126 1817 1167 1881 ad
1187 1816 1311 1883 libitum
1336 1819 1442 1884 detor·

339 1945 442 2010 quere
478 1925 592 1988 solent
648 1922 700 1985 Ac
729 1920 790 1985 nisi
818 1919 914 1985 fallor
946 1919 1007 1983 iam
1043 1918 1160 1983 Festus
1192 1918 1247 1982 vel
1277 1918 1305 1982 is
1342 1941 1439 2004 quem

338 2024 483 2110 sequitur
514 2024 582 2088 sola
615 2021 799 2087 coniectura
822 2020 966 2084 divinare
994 2028 1208 2086 concluserat
1243 2023 1332 2088 unde
1362 2023 1442 2087 mira

339 2123 396 2187 illa
426 2123 589 2187 translatio
623 2120 799 2186 derivanda
831 2120 1007 2185 videretur.
1059 2120 1171 2206 Itaque
1202 2121 1279 2185 mihi
1313 2145 1442 2208 quoque

337 2222 441 2304 liceat,
450 2221 663 2289 coniecturam
679 2221 839 2308 quandam
862 2220 904 2285 dc
926 2220 986 2286 hac
1005 2243 1042 2285 re
1063 2243 1259 2308 proponere.
1282 2221 1441 2289 Salustius

343 2323 418 2389 bell.
444 2322 591 2407 Iugurth.
620 2345 689 2409 cap.
711 2322 750 2386 18
777 2323 818 2386 de
850 2320 1029 2407 mapalibus
1057 2321 1137 2386 haec
1168 2322 1277 2387 tradit:
1306 2323 1442 2403 „Persae

343 2425 426 2490 intra
448 2445 601 2489 oceanum
624 2424 744 2510 magis“
765 2463 802 2474 -
828 2423 895 2490 soil.
927 2425 1015 2490 locos
1047 2447 1246 2513 occupavere
1267 2464 1310 2474 -
1327 2426 1443 2511 „hique

341 2526 453 2590 alveos
474 2525 602 2590 navium
623 2530 824 2590 inversos
856 2549 918 2613 pro
940 2526 1078 2612 tuguriis
1100 2526 1262 2591 habuere“
1284 2536 1314 2591 ot
1333 2527 1443 2614 paucis

320 2615 535 2691 interiectis:
555 2625 726 2705 „Ceterum
738 2625 843 2691 adhuc
864 2627 1009 2691 aedificia
1028 2625 1240 2692 Numidarum
1255 2629 1442 2713 agrestium,

343 2749 426 2812 quae
457 2726 595 2814 mapalia
623 2725 826 2808 illicerent,
851 2726 994 2812 oblongo
1016 2727 1156 2792 incurvis
1182 2727 1336 2795 lateribus
1359 2737 1443 2792 teoto

343 2827 433 2912 quasi
456 2827 620 2892 navium
644 2827 815 2891 carinae
838 2832 938 2891 sunt‘.
982 2827 1064 2892 Inde
1085 2826 1280 2914 perspicitur
1309 2830 1443 2892 formam

343 2926 517 3014 mapalium
540 2927 652 2991 miram
677 2927 776 2992 fuisse
799 2937 894 3014 atque
916 2926 1093 3010 ridiculam,
1118 2926 1265 3013 quoniam
1288 2927 1447 2992 Numidae

342 3027 375 3090 in
396 3025 487 3091 tectis
509 3026 733 3091 construendis
764 3037 799 3091 ut
821 3050 893 3092 cum
909 3027 1059 3092 Petronio
1074 3029 1187 3114 loquar
1209 3027 1296 3112 quod
1318 3052 1446 3094 sursum

343 3136 410 3192 erat
441 3126 595 3190 deorsum
624 3127 779 3192 fecerunt.
830 3127 947 3192 Nonne
982 3128 1082 3213 igitur
1111 3127 1260 3192 facillime
1290 3129 1444 3194 Romanis

346 3227 379 3290 in
403 3236 542 3291 mentem
565 3227 677 3292 venire
709 3226 813 3315 potuit
839 3248 920 3292 voce
941 3227 1061 3291 Punica
1080 3228 1240 3314 „mapale“
1261 3249 1365 3314 nugas
1388 3251 1446 3316 pe·

320 3328 483 3392 talamos
503 3336 613 3413 ‘atque
646 3328 782 3392 insanias
814 3327 996 3414 significare
1009 3376 1019 3409 ,
1045 3328 1160 3413 quibus
1188 3328 1292 3393 omnia
1321 3338 1446 3415 pertur-

345 3426 526 3494 barentur?
570 3427 639 3495 Sed
659 3449 792 3509 vereor,
823 3449 865 3492 ne
887 3431 958 3515 ipse
979 3450 1083 3514 nugas
1106 3429 1213 3493 facere
1235 3428 1291 3495 tibi
1314 3429 1447 3510 videar;

346 3528 443 3593 missa
464 3527 564 3614 igitur
585 3527 645 3592 hac
663 3527 786 3592 lubrica
801 3529 987 3612 quaestione
1007 3529 1049 3593 ad
1060 3528 1245 3594 Petronium
1265 3529 1446 3594 redeamus.
1540 3565 1542 3569 ·

387 3627 476 3693 Luce
501 3627 618 3693 clarius
642 3649 660 3691 e
680 3629 906 3691 sententiarum
941 3650 1066 3692 conexu
1102 3629 1236 3715 adparet
1257 3630 1448 3696 vocabulum

348 3731 509 3817 „mapale‘
532 3751 568 3792 ea
591 3750 684 3813 quam
707 3727 803 3793 modo
833 3727 1000 3793 docuimus
1022 3728 1255 3813 significatione
1288 3731 1379 3796 etiam
1415 3731 1449 3796 in

347 3831 396 3894 his
429 3827 643 3915 ludimagistri
679 3829 786 3893 verbis
820 3827 1077 3914 intellegendum
1119 3852 1201 3895 esse.
1253 3830 1365 3916 Itaque
1402 3832 1448 3896 sio

347 3929 547 4016 scripserim:
568 3937 673 4011 „recta
703 3929 855 4008 domum3
894 3951 970 3994 cavo
1002 3929 1252 4018 circumspiciam
1280 3953 1357 3996 cave
1383 3953 1448 3996 ma-

346 4029 448 4094 iorem
485 4030 676 4111 maledicas3
705 4040 765 4096 sat
797 4054 972 4097 numero
1002 4031 1156 4118 mapalia3
1192 4053 1288 4096 nemo
1323 4031 1448 4119 dupon-

348 4130 391 4196 dii
429 4131 612 4198 evadet“.
665 4131 747 4196 Tum
781 4131 851 4218 ipse
890 4132 1023 4197 libertus
1056 4132 1145 4219 loqui
1181 4132 1316 4219 pergit:
1358 4131 1448 4220 „Ego

348 4232 434 4318 quod
468 4238 538 4298 me“
567 4255 595 4296 e.
619 4255 648 4319 q.
672 4257 696 4298 s.
726 4233 858 4302 ‘Saltem
891 4232 923 4297 in
946 4233 1017 4316 via'‚
1050 4233 1153 4319 inquit
1173 4233 1348 4318 magister,
1382 4234 1449 4298 ‘ho-

347 4341 440 4397 neste
478 4342 509 4397 te
547 4355 648 4420 gere3
683 4358 787 4421 nugas
819 4335 893 4398 satis
925 4335 1076 4400 celeriter
1105 4335 1224 4417 iacies,
1255 4334 1283 4398 si
1319 4333 1449 4399 domum

349 4435 505 4504 redieris'.
552 4436 626 4517 „Sat
658 4443 810 4516 numero“
837 4435 932 4500 dictio
960 4436 1144 4520 antiquioris
1169 4435 1337 4515 sermonis,
1361 4437 1451 4502 cuius
