3542 5292
864 525 905 590 63

333 730 415 789 esse,
434 710 490 775 ubi
509 708 706 796 „elegantiae
722 708 857 773 arbiter“
878 715 1019 789 vocatur,
1041 707 1102 772 viri
1125 706 1206 772 docti
1223 706 1282 772 iam
1307 706 1429 773 dudum
1524 788 1528 795 ι

332 810 577 876 intellexerunt.
1193 827 1195 831 ·

373 911 444 976 Neo
460 911 562 999 magis
576 909 676 996 quam'
686 909 922 975 illePetronius
939 908 1094 974 Afranius
1110 931 1252 995 unquam
1263 909 1430 974 fuitPub·

334 1013 417 1079 lius
433 1013 655 1083 Petronius
677 1013 832 1092 rhetor,
846 1010 945 1096 quiin
961 1010 1152 1076 editionibus
1164 1013 1275 1076 fertur.
1290 1010 1432 1076 Isidorus

335 1114 419 1179 enim
444 1115 536 1201 Orig.
563 1115 602 1194 V,
624 1114 675 1194 26,
703 1113 784 1178 Vde
813 1112 878 1177 doli
903 1111 1034 1177 notione
1065 1111 1227 1199 disputans
1249 1111 1433 1176 Petronium

332 1209 494 1302 'quendam
516 1215 559 1279 ite
573 1214 700 1279 laudat:
719 1213 845 1294 ,Dolus
869 1221 917 1277 est
937 1212 1052 1277 mentis
1073 1213 1227 1278 calliditas
1240 1215 1278 1278 ab
1295 1233 1333 1277 eo
1348 1211 1434 1298 quod

337 1317 471 1382 deludit.
503 1315 605 1382 Aliud
631 1315 714 1379 enim
738 1316 805 1399 agit
829 1323 860 1378 et
881 1313 969 1379 aliud
990 1314 1123 1379 simulat.
1157 1313 1327 1400 Petronius
1340 1312 1432 1377 aliter

337 1417 536 1484 existimabat
559 1419 685 1484 dicens:
712 1417 819 1500 ,Quid
841 1427 890 1482 est
910 1417 1033 1481 iudices
1056 1415 1176 1480 dolus‘?
1200 1415 1357 1480 Nimirum
1381 1412 1435 1478 ubi

336 1519 456 1605 aliquid
485 1518 573 1584 dolet
598 1518 675 1605 legi.
707 1517 841 1583 Habetis
871 1517 997 1597 dolum,
1033 1514 1163 1602 accipite
1187 1536 1271 1579 nunc
1291 1514 1435 1578 malum“.

337 1621 432 1684 Hunc
455 1619 553 1707 igitur
566 1619 753 1686 Petronium
769 1618 910 1684 editores
935 1617 1031 1704 plane
1055 1638 1113 1681 suo
1135 1616 1285 1711 arbitratu
1308 1624 1339 1678 et
1352 1613 1435 1679 Pub-

339 1719 418 1784 lium
432 1721 595 1807 adpellant
608 1730 638 1785 et
659 1721 823 1786 rhetorem
847 1718 975 1800 faciunt,
997 1716 1072 1784 Otto
1085 1739 1162 1782 vero
1184 1716 1256 1802 quis
1275 1714 1330 1779 ille
1343 1713 1438 1779 fuerit

339 1821 371 1885 in
394 1821 514 1886 incerto
536 1822 696 1909 relinquit.
740 1821 808 1889 Sed
830 1831 864 1886 ut
887 1820 963 1907 quid
985 1843 1043 1886 nos
1065 1829 1158 1906 cogat
1183 1822 1281 1884 verba
1300 1819 1356 1883 illa
1386 1818 1437 1884 alii

276 1969 278 1974 -
339 1921 490 1987 Petronio
514 1932 608 2009 atque
632 1923 660 1987 ei
679 1923 833 2005 tribuere,
857 1923 888 1985 in
910 1921 998 1986 cuius
1013 1920 1158 2007 reliquiis
1177 1942 1352 2001 versamur,
1368 1930 1436 1984 tan-

340 2031 407 2088 tum
431 2025 529 2104 abest,
545 2034 580 2089 ut
597 2023 747 2110 proxime
769 2024 809 2087 sd
820 2023 1075 2110 probabilitatem
1089 2021 1224 2087 adcedat
1236 2022 1321 2087 huno
1332 2023 1438 2109 ipsum

341 2144 423 2205 esse,
440 2146 536 2210 quem
550 2125 693 2190 Isidorus
717 2124 905 2211 compilavit.
933 2124 1127 2206 Quinetiam
1149 2124 1190 2189 de
1212 2123 1438 2188 sententiarum

342 2246 478 2305 conexu,
500 2247 563 2310 quo
588 2227 687 2291 verba
714 2225 770 2290 illa
803 2226 877 2291 olim
909 2225 1011 2312 posita
1032 2226 1162 2289 fuerunt
1189 2224 1221 2287 in
1251 2244 1351 2311 opere
1379 2223 1439 2289 Pe·

343 2325 509 2406 tronione,
535 2328 671 2391 fortasse
700 2326 820 2413 aliquid
850 2326 1004 2412 suspicari
1024 2326 1108 2390 licet.
1150 2324 1232 2391 Nam
1255 2325 1315 2390 nisi
1337 2326 1439 2407 fallor,

343 2434 450 2491 orator
471 2426 527 2491 ille
548 2428 787 2514 primumtecte
800 2426 988 2514 perstringit
1000 2427 1133 2508 iudices,
1155 2449 1235 2513 quos
1248 2427 1439 2514 adloquitur,

348 2526 455 2592 verbis
476 2538 580 2594 autem
602 2514 752 2615 ,accipite
775 2551 861 2593 nuno
888 2527 1055 2592 malum“
1078 2527 1209 2592 festivas
1241 2529 1439 2594 conversioni

345 2627 508 2714 proludit,
539 2651 600 2715 qua
633 2629 704 2715 ipss
725 2629 847 2694 iudices
871 2651 914 2692 ex
941 2628 1115 2715 improviso
1132 2628 1206 2694 dolo
1228 2631 1312 2694 malo
1336 2630 1440 2717 oppri-

343 2751 433 2794 mere
457 2753 493 2793 ac
521 2753 592 2795 rem
624 2731 665 2794 ad
694 2754 823 2796 manum
843 2751 997 2796 revocare
1020 2731 1133 2818 coepit.
1165 2729 1234 2798 Sed
1255 2740 1341 2797 utut
1363 2733 1443 2796 haec

344 2838 433 2912 sunt,
464 2839 550 2894 certe
571 2852 631 2917 per
662 2853 696 2895 se
717 2830 797 2895 nihil
821 2840 887 2912 est,
911 2830 998 2916 quod
1018 2831 1098 2895 haec
1119 2833 1219 2897 verba
1244 2831 1277 2896 in
1301 2830 1442 2896 Petronii

345 2931 458 2996 saturis
484 2931 559 2997 olim
582 2931 689 2996 locum
717 2931 869 2997 habuisse
893 2953 1062 3017 negemus.
1091 2932 1157 2998 Iam
1180 2955 1259 2999 vero
1282 2932 1442 2998 Isidorum

345 3033 428 3096 bene
448 3032 578 3097 novisse
598 3032 782 3097 Petronium
801 3032 879 3096 inde
896 3032 1101 3117 intellegitur
1112 3081 1122 3114 ,
1146 3034 1233 3118 quod
1253 3055 1317 3098 non
1338 3033 1443 3099 solum

304 3136 311 3150 ’
347 3155 478 3198 versum
503 3133 663 3219 quendam
686 3134 753 3198 eius
777 3133 887 3198 laudat
896 3132 1039 3217 Origll,
1051 3133 1162 3215 21,19,
1183 3134 1242 3199 sed
1266 3133 1357 3200 etiam
1372 3157 1443 3200 coe-

350 3255 408 3296 nae
422 3256 489 3320 cap.
499 3233 550 3314 50,
563 3234 602 3297 bl
622 3235 656 3298 in
667 3258 760 3299 usum
775 3257 868 3300 suum
881 3231 1037 3298 convertit
1049 3232 1141 3319 Orig.
1153 3233 1243 3314 XVI,
1252 3233 1303 3315 20,
1313 3236 1343 3300 4.
1353 3235 1443 3317 XVI,

347 3332 410 3414 6,1
433 3334 528 3398 fontis
554 3335 641 3399 undo
665 3336 771 3400 hausit
788 3334 932 3422 vestigiis
956 3334 1097 3399 servatis.
1138 3335 1176 3399 In
1201 3335 1260 3400 hac
1280 3359 1316 3400 rc
1332 3359 1444 3423 parum

348 3441 439 3500 caute
460 3444 606 3501 versatus
634 3446 691 3501 est.
733 3437 815 3503 Nom
838 3436 950 3501 accidit
973 3437 1041 3501 viro
1065 3436 1256 3519 doctissimo,
1279 3446 1314 3502 ut
1334 3439 1445 3523 priore

347 3534 430 3616 loco,
447 3558 510 3621 quo
523 3528 651 3602 desere
666 3536 831 3603 Corinthio
847 3537 962 3624 agitur,
983 3537 1127 3624 lepidum
1148 3538 1311 3625 specimen
1332 3559 1445 3604 recon-

350 3635 471 3701 ditioris
492 3637 578 3702 illius
604 3638 799 3721 eruditionis,
824 3661 886 3725 qua
907 3637 1099 3711 Trimalchio
1124 3639 1263 3720 excellit,
1277 3641 1359 3705 bona
1379 3639 1445 3704 fide

349 3759 410 3801 nec
431 3738 499 3802 ullo
523 3739 675 3826 scrupulo
707 3739 885 3826 significato
921 3739 1152 3805 commentariis
1185 3740 1253 3805 suis
1278 3739 1444 3806 insereret.

351 3837 439 3918 Quid
462 3839 561 3926 igitur
590 3841 790 3927 probabilius
813 3850 881 3922 est,
907 3864 1000 3926 quam
1028 3840 1189 3906 Isidorum
1219 3863 1261 3905 ex
1291 3842 1352 3906 hoc
1373 3841 1444 3929 ipso

349 3937 515 4025 scriptore,
537 3939 626 4006 cuius
648 3941 862 4007 auctoritatem
886 3942 967 4007 mira
989 3941 1215 4028 superstitione
1236 3951 1364 4008 secutus
1387 3950 1443 4023 est,

349 4041 447 4105 rerba
471 4064 567 4127 supra
586 4043 764 4130 perscripta
784 4042 956 4108 hausisse?

393 4141 546 4228 Denique
559 4143 744 4210 Petronium
768 4145 938 4229 quendam,
961 4143 1014 4231 qui
1036 4145 1068 4209 in
1079 4145 1242 4210 nonnullis
1255 4145 1446 4212 editionibus

347 4243 524 4309 Indicus
548 4243 737 4330 adpellatur,
759 4247 869 4332 paucis
891 4245 1061 4332 adtingam.
1106 4244 1166 4333 Cui
1188 4247 1384 4335 epigramma
1404 4248 1445 4312 do

348 4343 482 4431 psittaco
514 4345 686 4429 tribuitur,
730 4347 816 4433 quod
845 4347 890 4412 ita
922 4347 1051 4434 incipit:
1083 4347 1245 4430 ,Indica
1279 4371 1444 4437 purpureo

347 4447 495 4531 genuit
514 4468 576 4512 me
598 4447 701 4513 littore
730 4448 883 4532 tellus,
920 4471 948 4513 e.
975 4471 1003 4535 q.
1028 4474 1053 4514 s.
1104 4450 1253 4516 Profecto
1288 4450 1444 4538 singulari
