3542 5292
937 533 976 596 18

414 741 538 805 cunque
577 720 618 783 ad
649 718 735 784 hune
768 719 876 782 locum
917 717 1054 797 reverti,
1092 717 1266 803 permirum
1308 717 1383 780 mihi
1418 716 1508 779 vide-

412 823 524 901 batur,
558 818 642 903 quod
666 839 729 881 non
750 817 866 881 viduae
894 825 1044 902 parentes
1066 840 1103 881 ac
1124 816 1314 901 propinqui,
1351 826 1386 880 ut
1414 817 1447 880 in
1471 837 1526 880 re·

411 930 473 985 tam
512 919 605 1005 gravi
642 919 688 982 fas
720 926 806 998 erat,
841 917 900 981 sed
940 917 1062 981 alienae
1096 938 1274 1002 personae,
1306 917 1524 1011 magistratus.
1561 962 1569 974 .

411 1020 543 1100 scilieet,
565 1016 712 1082 ultimo
743 1016 842 1080 abiise
874 1015 1071 1079 dicebantur.
1116 1015 1205 1080 Olim
1242 1026 1318 1100 puto
1353 1016 1507 1100 scriptum

413 1122 486 1186 fuit:
506 1130 666 1202 „mortem
685 1118 791 1184 inedia
812 1126 1061 1204 persequentem
1085 1139 1150 1181 non
1170 1127 1320 1203 parentes
1336 1122 1510 1199 potuerunt

412 1221 583 1307 abducere,
607 1240 672 1282 non
693 1218 875 1304 propinqui,
900 1239 982 1280 non
1006 1216 1239 1302 magistratus“.
1284 1217 1350 1280 Iam
1373 1216 1415 1280 de
1440 1204 1507 1278 emss

412 1323 505 1385 nibus
528 1321 561 1383 in
574 1319 759 1384 universum
780 1318 930 1382 additur:
951 1305 1087 1399 „ultimo
1107 1316 1229 1403 repulsi
1250 1317 1419 1380 abierunt“
1434 1314 1509 1378 Par·
1559 1385 1563 1390 ,

412 1422 509 1487 ticula
538 1420 698 1503 „ultimo“
733 1418 821 1482 idem
853 1418 939 1482 valet
972 1427 1066 1502 atque
1088 1418 1230 1482 ‘tandem
1247 1466 1257 1498 ,
1283 1418 1443 1499 denique'.
1471 1418 1510 1479 ef.

416 1519 1136 1608 camsmnmamame

459 1645 539 1733 Cap.
559 1646 646 1726 44,4
666 1641 732 1727 „O,
756 1644 782 1709 si
805 1645 995 1712 haberemus
1027 1644 1100 1708 illos
1130 1644 1251 1723 leones,
1274 1664 1353 1726 quos
1375 1662 1438 1725 ego
1459 1641 1513 1704 hie

414 1747 532 1829 inveni,
556 1746 788 1832 cumprimum
811 1767 850 1810 ex
874 1745 953 1810 Asia
976 1745 1060 1809 veni.
1102 1744 1187 1808 illud
1210 1752 1278 1807 erat
1296 1742 1417 1805 vivere.
1460 1739 1510 1806 Si-

415 1847 501 1912 milia
525 1846 635 1913 Sicilia
661 1846 831 1909 interiores
855 1854 877 1929 ft
907 1847 1009 1910 larvas
1033 1846 1079 1910 sio
1098 1845 1173 1908 istos
1197 1842 1456 1929 percolopabant,
1477 1850 1513 1904 ut

413 1948 477 2012 illis
498 1946 635 2032 Iupiter*
648 1946 746 2009 iratus
771 1950 886 2010 esset“.
921 1945 1158 2010 Difficillimum
1177 1945 1262 2007 hune
1284 1943 1400 2021 locum,
1424 1939 1511 2005 cuius

415 2046 593 2124 emendatio
616 2045 690 2109 viris
716 2045 817 2110 doctis
838 2046 1012 2127 admodum
1034 2044 1203 2109 infeliciter
1224 2043 1318 2107 cessit
1330 2044 1367 2126 ¹),
1390 2041 1448 2104 etsi
1469 2040 1513 2104 ita

413 2149 582 2212 restituere
607 2168 672 2209 non
694 2169 836 2230 possum,
849 2155 884 2210 ut
904 2146 991 2210 nulla
1007 2145 1160 2210 dubitatio
1178 2143 1385 2227 relinquatur,
1405 2151 1513 2205 tamen

414 2249 496 2312 viam
519 2247 679 2311 invenisse
700 2246 776 2310 mihi
799 2246 929 2330 videor,
963 2270 1025 2331 qua
1056 2248 1126 2312 sola
1153 2248 1220 2312 erui
1241 2246 1343 2333 possit
1371 2243 1514 2330 genuina

414 2348 579 2432 scriptura.
630 2349 681 2412 Ae
714 2347 853 2433 primum
890 2348 1054 2412 videamus
1092 2348 1253 2432 quomodo
1285 2347 1514 2433 progrediatur

414 2447 561 2512 narratio.
606 2446 760 2527 Queritur
781 2445 990 2531 Ganymedes
1013 2449 1147 2514 libertus
1169 2449 1211 2513 de
1231 2469 1356 2513 annona
1368 2447 1513 2527 adsidua,

416 2548 505 2612 cuius
527 2546 705 2632 molestiam
729 2570 840 2612 omnes
864 2568 903 2611 co
927 2549 1057 2634 gravius
1081 2548 1233 2629 sentiant,
1258 2569 1319 2631 quo
1343 2546 1512 2631 impuden-

414 2649 474 2712 tius
502 2647 638 2734 pistores
664 2671 734 2712 cum
767 2648 926 2713 aedilibus
958 2649 1142 2714 conludant.
1185 2647 1275 2731 „O“,
1306 2647 1423 2732 inquit,
1463 2645 1514 2727 „si

416 2749 607 2813 haberemus
632 2748 704 2812 illos
725 2750 859 2830 leones,
877 2771 955 2833 quos
974 2771 1037 2835 ego
1056 2750 1108 2812 hie
1128 2749 1235 2813 iuveni
1245 2796 1254 2829 ,
1278 2771 1349 2813 cum
1373 2747 1512 2833 primum

418 2867 459 2910 ex
481 2847 560 2909 Asia
581 2847 687 2910 veni“.
732 2846 806 2926 Quo
829 2848 1000 2933 adpellatio
1033 2848 1191 2930 „leoncs“
1210 2856 1333 2931 spectet
1355 2867 1496 2932 cumpcr

418 2968 453 3037 se
478 2947 679 3010 manifestum
703 2956 752 3012 est
782 2956 848 3013 tum
867 2949 938 3034 ipse
960 2949 1092 3014 libertus
1106 2950 1188 3014 infra
1210 2950 1378 3035 significat,
1396 2949 1452 3013 ubi
1475 2949 1516 3012 dc

416 3046 521 3112 aedile
543 3046 599 3110 illo
616 3047 678 3111 iam
693 3057 784 3113 antea
809 3049 1005 3135 vituperato:
1025 3049 1116 3132 „Sed
1131 3051 1156 3115 si
1180 3074 1238 3117 nos
1257 3052 1363 3116 coleos
1379 3052 1513 3117 babere-

418 3169 511 3227 mus,
544 3170 608 3211 non
638 3155 758 3212 tanturn
790 3149 849 3213 sibi
882 3149 1043 3235 plaeeret;
1079 3173 1164 3217 nune
1186 3153 1325 3238 populus
1354 3160 1402 3215 est
1429 3151 1514 3214 domi

417 3249 539 3330 leones,
562 3249 645 3312 foras
669 3249 819 3334 vulpcs“.
853 3249 953 3313 Vides
975 3253 1132 3315 vocabulo
1153 3253 1314 3333 „leones“
1338 3273 1393 3316 eos
1417 3251 1515 3338 signi-

419 3448 614 3456 --—-—-·----

455 3551 482 3620 1)
501 3551 665 3604 Tilebomius
684 3580 717 3588 -
728 3551 871 3604 lientelius
890 3579 925 3589 -
941 3555 1077 3626 coniecit:
1097 3555 1254 3619 „Similes
1267 3552 1363 3607 Sicilia
1376 3557 1517 3608 interiores

419 3642 507 3693 larvas
526 3642 566 3691 sie
586 3639 875 3707 perdespuebat“.
894 3641 1062 3694 Schellerus:
1082 3643 1202 3708 „Similia
1224 3643 1318 3695 Sicilia
1344 3645 1516 3694 interior.

421 3730 491 3781 Sed
514 3729 600 3781 larvas
621 3731 660 3780 sie
683 3730 747 3779 istas
767 3730 882 3795 perite
908 3728 1097 3796 aptabaut“.
1135 3729 1266 3781 Gnesius:
1287 3729 1406 3794 „Similia
1425 3731 1515 3781 Sici-

420 3817 493 3869 liae
513 3818 622 3869 interi
632 3832 647 3867 ο
657 3819 684 3868 ri
694 3815 730 3868 s“.
749 3816 874 3868 ltcisliius
886 3818 912 3868 in
926 3818 1008 3869 altera
1022 3818 1253 3871 edit.Bu1·tuann.:
1265 3819 1384 3884 „Similia
1398 3819 1430 3869 iu
1443 3818 1517 3869 Sici-

419 3905 464 3957 lia.
480 3913 641 3957 terrores
660 3911 695 3956 et
715 3903 927 3956 larvassieistos
943 3905 1264 3972 percoluptabunt“.
1281 3905 1517 3971 cl.ltlisccll.l.ips.

422 4008 486 4044 nov.
505 3991 539 4043 Vl
560 4008 585 4058 p.
606 3990 665 4044 284.
687 3991 797 4056 lacobs,
814 3994 925 4058 specim.
944 3993 1074 4044 entendat.
1094 3995 1121 4044 in
1141 4002 1209 4044 auct.
1231 4001 1282 4046 vet.
1301 4010 1362 4061 pag.
1381 3992 1431 4046 87:
1454 3994 1519 4058 „Si-

420 4081 497 4132 mili
516 4081 686 4133 siccitate
706 4081 809 4132 iures
828 4087 860 4131 et
881 4080 1439 4148 larvassieistospereolapbabant“.
1455 4080 1519 4133 Ori-

424 4167 514 4232 ollius,
535 4169 561 4220 in
580 4166 607 4218 T.
627 4167 731 4220 Patron.
753 4167 837 4219 Arbit.
856 4166 1128 4236 iragmjlragurian.
1149 4170 1270 4235 notulae,
1290 4169 1430 4223 Bononiae
1450 4167 1519 4222 1823

422 4271 447 4321 p.
466 4253 510 4321 17,
523 4263 551 4306 ut
561 4253 789 4320 Goesius,a‹lditie
810 4255 912 4308 duabus
932 4258 1094 4308 coniecturis
1110 4258 1228 4309 ciusdem
1246 4261 1363 4326 generis.
1382 4259 1518 4322 studeres,

421 4342 527 4394 observ.
555 4344 641 4394 critic.
670 4345 695 4394 in
723 4343 839 4395 Petronii
865 4359 943 4394 coen.
964 4342 1107 4398 Trimulcb.
1138 4362 1163 4413 p.
1184 4345 1225 4399 12.
1246 4346 1392 4410 „Simile
1418 4363 1458 4397 ue
1486 4349 1515 4396 si

420 4429 528 4481 celum
550 4433 705 4482 interra
727 4438 834 4483 esset.
869 4431 965 4483 larvas
985 4435 1025 4484 sic
1045 4435 1105 4483 istas
1125 4435 1469 4500 pereolaphabaut“.
