3542 5292
858 531 901 595 20

336 737 454 781 coenae
477 715 641 782 librarium
664 715 745 779 miro
770 725 904 802 stupore
926 734 996 779 rem
1019 737 1108 779 suam
1132 717 1249 801 egisse,
1261 726 1297 782 ut
1316 719 1435 783 littera-

333 840 406 882 rum
430 816 544 883 ductus
567 817 688 901 ubique
708 816 802 881 nimis
826 816 921 881 anxie
943 838 1093 903 premere
1116 839 1179 881 non
1203 841 1284 905 opus
1302 819 1350 884 sit.
1384 821 1436 884 Ac

333 917 404 981 fieri
423 917 536 1004 potuit,
559 925 594 982 ut
617 917 763 982 librarius
786 941 803 981 a
824 917 912 981 vocis
931 915 1090 997 ,similist
1100 919 1319 983 terminatione
1343 921 1434 984 aber·

332 1041 406 1083 rans
420 1017 612 1086 vocabulum
624 1017 790 1099 ,seelera“,
802 1016 888 1103 quod
902 1020 1106 1103 sequebatur,
1122 1029 1352 1106 corrumperet.
1372 1019 1434 1085 Oe-

332 1128 438 1183 terum
463 1119 523 1183 iam
534 1117 848 1184 NicolausHeInsius
863 1120 1018 1183 correxit:
1029 1120 1435 1207 ,percolaphabant.“
1474 1166 1477 1174 ·

334 1218 415 1285 Cum
438 1218 520 1288 illis:
542 1218 663 1300 ,larvas
685 1218 730 1284 sic
751 1218 825 1284 istas
847 1219 1134 1307 percolaphabant,
1161 1229 1196 1284 ut
1226 1221 1289 1285 illis
1309 1222 1433 1309 Iupiter

332 1320 429 1385 iratus
464 1324 566 1384 esset‘
604 1318 808 1384 Burmannus
842 1329 915 1405 apte
948 1320 1140 1406 comparavit
1175 1320 1299 1385 Horatii
1334 1324 1434 1386 verba

333 1440 472 1484 sermon.
500 1418 525 1499 l,
550 1420 579 1500 1,
600 1417 662 1483 20:
683 1417 794 1505 ,Quid
812 1440 925 1484 causae
950 1429 1008 1501 est,
1030 1419 1144 1484 merito
1168 1420 1243 1504 quin
1266 1420 1329 1486 illis
1357 1421 1433 1506 Iup-

333 1520 417 1608 piter
437 1522 544 1585 ambas
561 1519 664 1584 Iratus
686 1522 801 1585 buccas
826 1519 934 1583 inflet“
961 1541 988 1584 e.
1012 1543 1042 1605 q.
1065 1545 1102 1600 s.,
1125 1542 1205 1606 quae
1238 1530 1274 1585 ut
1301 1521 1361 1585 alia
1390 1543 1432 1586 ex

332 1619 460 1706 vulgari
493 1641 643 1684 sermone
678 1619 847 1706 desumpta
878 1641 950 1684 esse
981 1628 1068 1684 recte
1091 1620 1319 1686 animadvertit.
1363 1621 1434 1686 Nec

331 1743 432 1808 pauca
454 1720 487 1784 in
509 1720 632 1785 Horatii
666 1720 867 1794 sermonibus
900 1728 994 1805 atque
1021 1720 1163 1806 epistolis
1195 1729 1327 1803 extant,
1351 1744 1434 1807 quae

333 1845 404 1888 cum
427 1821 564 1908 plebeiis
587 1820 777 1887 dictionibus
792 1820 994 1886 Petronianis
1014 1820 1130 1885 mirum
1151 1821 1182 1885 in
1202 1806 1333 1887 modum
1359 1846 1433 1887 cou-

334 1923 482 1988 sentiunt.
507 1921 549 1988 Ut
568 1923 601 1986 in
621 1923 684 1988 hoc
705 1922 810 2008 primo
834 1943 985 1987 sermone
1007 1922 1184 2004 subsistam,
1198 1932 1313 2009 poetae
1336 1926 1435 1988 verba

332 2048 363 2088 v.
385 2024 436 2088 62.
458 2022 530 2105 ,Nil
552 2022 625 2088 satis
650 2032 708 2105 est,
720 2023 832 2108 inquit,
850 2022 924 2108 quia
944 2022 1021 2091 tanti
1044 2031 1194 2107 quantum
1226 2024 1345 2091 habeas
1375 2024 1437 2088 sis“

334 2123 495 2189 simillima
517 2133 592 2188 suut
613 2122 858 2188 Trimalchionis
881 2122 1057 2188 sententiae
1079 2145 1147 2210 cap.
1169 2126 1219 2206 77,
1241 2125 1260 2188 6
1285 2125 1435 2204 ,Credite

330 2225 407 2290 mihi
418 2272 429 2306 ,
453 2246 556 2288 assem
579 2223 721 2307 habete,
743 2246 847 2289 assem
867 2224 995 2303 valeas,
1017 2223 1117 2287 habes
1129 2272 1138 2304 ,
1160 2225 1358 2307 habebarist,
1380 2227 1436 2290 vel

332 2325 387 2390 illa
419 2351 449 2389 v.
480 2325 520 2389 95
550 2324 658 2406 ,dives
689 2334 725 2389 ut
759 2325 926 2390 metiretur
944 2330 1108 2390 nummos“
1128 2325 1196 2390 illis
1219 2349 1287 2413 cap.
1307 2328 1369 2408 37,
1395 2328 1433 2391 2:

332 2449 499 2508 ,nummos
522 2425 630 2491 medlo
652 2425 805 2490 metitur‘t
849 2425 968 2493 Similis
1001 2415 1080 2491 ratio
1107 2426 1189 2490 inter
1221 2427 1367 2492 Persium
1402 2437 1435 2491 et

334 2527 521 2593 Petronium
562 2527 740 2592 intercedit.
779 2527 819 2590 cl.
848 2526 948 2589 lahnii
989 2527 1115 2613 proleg.
1154 2528 1185 2590 in
1224 2528 1368 2593 Persium
1401 2552 1434 2616 p.

334 2628 474 2693 XXIIII.
507 2627 876 2693 Eodem‘sentontiarum
893 2649 1017 2692 conexu
1030 2627 1131 2708 ,lovis
1143 2628 1258 2693 iratus“
1270 2654 1287 2693 a
1303 2630 1436 2695 conviva

332 2729 469 2817 quodam
496 2728 614 2794 rustico
651 2737 916 2794 commemoratur
945 2751 1013 2815 cap.
1044 2729 1107 2808 58,
1129 2729 1159 2791 2.
1205 2729 1259 2795 De
1296 2732 1435 2796 formula

332 2831 440 2896 ‘iratos
462 2830 541 2895 deos
563 2830 691 2896 habere‘
715 2829 936 2917 similibusque
958 2833 997 2894 cf.
1022 2830 1110 2894 Iahn.
1134 2830 1174 2894 ad
1189 2831 1277 2896 Pers.
1293 2831 1367 2912 llll,
1382 2833 1434 2898 27.

373 2931 452 3019 Oap.
473 2932 536 3012 44,
561 2930 599 2994 18
631 2930 754 3012 „Antea
776 2932 907 2995 stolatae
927 2931 1013 2999 ibant
1034 2930 1129 2995 nudis
1160 2931 1298 3018 pedibus
1319 2933 1353 2997 in
1377 2934 1434 2998 cli-

331 3055 417 3113 vum,
440 3032 543 3119 passis
560 3031 694 3118 capillis,
708 3031 867 3097 mentibus
891 3032 980 3118 puris
1003 3040 1034 3095 et
1051 3031 1162 3096 Iovem
1184 3055 1298 3119 aquam
1319 3057 1434 3098 exora-

332 3133 423 3211 bant3
445 3131 550 3219 itaque
570 3131 673 3196 statim
695 3131 848 3196 urceatim
862 3133 1015 3219 plorebat
1034 3142 1087 3197 aut
1099 3142 1173 3198 tunc
1194 3143 1248 3198 aut
1270 3155 1433 3220 nunquam

332 3239 364 3296 et
385 3253 495 3297 omnes
519 3230 666 3297 ridebant
692 3230 749 3295 udi
782 3239 933 3317 tanquam
954 3239 1090 3297 mures“·
1132 3232 1184 3297 Ex
1208 3255 1264 3315 eo,
1289 3235 1375 3320 quod
1401 3235 1433 3299 in

330 3331 534 3419 Traguriano
567 3340 615 3396 est
640 3341 693 3412 ,ut
722 3331 765 3396 dii
798 3342 948 3418 tanquam
969 3339 1096 3398 mures“
1122 3333 1280 3400 Trillerus
1303 3336 1431 3400 observ.

331 3432 427 3497 critic.
448 3455 480 3519 p.
504 3433 565 3497 371
587 3431 674 3512 ,udi
706 3440 854 3518 tanquam
876 3438 1003 3498 mures“
1024 3432 1181 3519 sagaciter
1203 3435 1349 3517 restituit,
1374 3434 1433 3499 sed

331 3554 397 3597 non
411 3531 550 3598 debebat
562 3533 711 3597 intactum
732 3532 917 3619 relinquere
937 3533 1126 3599 vocabulum
1140 3534 1329 3615 ,ridebant“,
1345 3534 1432 3620 quod
1460 3609 1463 3614 ³

332 3631 390 3696 viri
412 3630 495 3697 docti
518 3654 578 3698 suo
599 3631 670 3696 iure
693 3631 718 3697 si
743 3633 820 3718 quid
842 3634 938 3698 video
953 3641 1194 3720 temptaverant.
1237 3634 1318 3699 Nam
1346 3634 1433 3721 quod

333 3733 414 3797 forte
443 3731 556 3818 aliquis
588 3731 670 3797 dicat
703 3742 863 3799 matronas
893 3735 964 3799 illas
997 3734 1129 3800 nimium
1159 3735 1335 3820 gaudium,
1368 3756 1432 3820 quo

330 3831 466 3898 Imbrem
498 3832 552 3897 diu
574 3833 791 3900 desideratum
812 3835 1022 3921 exceperint,
1055 3835 1121 3899 risu
1149 3836 1371 3922 expressisse,
1396 3836 1428 3899 id

334 3933 463 4018 quidem
484 3932 563 3997 nihil
587 3942 643 3998 est.
688 3933 731 4000 Ut
755 3934 838 3998 enim
854 3935 973 4022 largiar
990 3936 1076 4019 quod
1090 3957 1151 4023 per
1178 3958 1213 4000 se
1231 3937 1303 4001 satis
1318 3936 1434 4001 mirum

333 4043 381 4099 est
412 4033 564 4099 mulieres
597 4034 685 4116 illas,
721 4057 804 4120 quae
827 4036 924 4100 nudis
945 4036 1083 4123 pedibus
1106 4035 1208 4122 passis
1232 4037 1354 4123 capillis
1386 4036 1433 4100 in-

333 4157 465 4224 gressae
489 4136 592 4202 subito
612 4136 872 4222 permaduerunt,
892 4137 1052 4224 proclives
1076 4137 1175 4201 fuisse
1191 4137 1231 4201 ad
1248 4137 1433 4217 ridendum,

330 4247 437 4303 tamen
457 4259 597 4326 pompae
629 4237 716 4303 illius
740 4238 881 4324 gravitas
913 4238 1009 4302 talem
1040 4237 1229 4303 hilaritatem
1257 4261 1322 4304 non
1356 4260 1432 4326 per-

334 4340 487 4407 mittebat.
532 4337 568 4402 Id
590 4337 690 4425 igitur
710 4339 887 4405 rectissime
911 4339 1062 4404 viderunt
1082 4339 1274 4427 interpretes
1290 4340 1434 4426 ineptum

334 4460 406 4504 esse
434 4439 623 4504 vocabulum
654 4439 854 4520 „ridebant“,
892 4462 973 4526 quae
1006 4450 1110 4505 autem
1141 4441 1215 4504 inde
1257 4443 1436 4506 effecerunt
