3542 5292
725 496 748 547 ⁹
883 519 904 580 9

346 703 461 787 Longe
493 701 575 766 enim
597 700 735 786 plurima
770 721 812 763 ex
834 697 1088 763 adnotationibus
1110 695 1267 776 Erlrardi,
1297 694 1366 758 sive
1390 691 1444 778 qui

348 808 406 870 sub
426 804 485 867 hoe
506 801 634 865 nomine
657 801 731 864 latet
743 799 900 880 Goldasti,
925 798 977 884 qui
990 796 1176 862 Petronium
1194 794 1442 860 ediditHcleno·

326 892 413 990 'poli
437 901 662 989 (Francofurti)
686 923 767 964 anno
792 901 875 965 1610
896 899 950 962 vel
981 899 1021 962 ad
1052 900 1151 962 verba
1187 895 1346 981 descripta
1373 902 1447 958 sunt

349 1005 400 1068 vel
422 1003 539 1067 leniter
567 1003 610 1066 ita
631 1003 758 1083 relicta,
783 1010 817 1066 ut
845 999 948 1064 statim
971 999 1108 1064 eundem
1130 1000 1251 1062 fontem
1280 1017 1444 1080 agnoscas,

347 1104 408 1169 alia
432 1103 619 1189 compilator
647 1101 782 1188 sumpsit
798 1114 853 1164 'ex
887 1100 1112 1165 commentario
1134 1097 1361 1178 Wouwereni,
1392 1095 1444 1181 qui

347 1204 468 1290 prodiit
488 1203 641 1287 Lugduni
668 1203 778 1267 Batav.
800 1223 881 1266 anno
906 1201 1002 1282 1996,
1033 1222 1134 1286 pauca
1161 1198 1298 1284 denique
1326 1198 1367 1261 de
1388 1218 1445 1260 suo

345 1305 472 1369 videtur
490 1304 651 1368 addidisse
661 1304 697 1389 1).
720 1305 785 1367 lam
812 1303 974 1387 quaeritur
994 1302 1062 1384 quis
1076 1301 1130 1363 illc
1144 1300 1249 1380 fuerit,
1265 1299 1353 1364 cuius
1365 1319 1444 1382 opus

347 1406 423 1468 viris
447 1404 546 1469 doctis
570 1413 632 1467 tam
645 1405 760 1467 mirum
779 1403 812 1466 in
824 1403 955 1466 modum
967 1401 1127 1486 imposuit.
1152 1402 1262 1484 Atque
1275 1399 1442 1484 Studerus,

349 1506 401 1589 qui
423 1505 665 1571 Bourdelotium
691 1503 829 1589 primum
863 1489 930 1566 eius
965 1502 1121 1566 editorem
1148 1501 1241 1580 dicit,
1274 1501 1326 1563 vel
1348 1525 1366 1563 a
1385 1499 1443 1564 Fa·

348 1605 481 1689 brici02)
515 1605 668 1689 deceptus
697 1613 745 1668 est
772 1604 825 1668 vel
855 1603 918 1668 hoc
949 1603 1039 1667 titulo
1062 1602 1134 1666 satis
1157 1601 1324 1687 ambiguo,
1350 1622 1445 1686 quem

347 1705 584 1769 Hermannides
608 1705 769 1790 inscripsit
790 1703 920 1768 editioni
942 1725 1036 1767 suae:
1058 1702 1222 1784 „Petronii
1244 1702 1366 1768 Arbitri
1387 1693 1445 1768 Sa·

346 1806 472 1888 tyricon
494 1806 706 1891 eiusdemque
737 1805 916 1888 fragmenta
937 1805 1090 1868 illustrata
1117 1803 1177 1881 hae
1203 1825 1286 1867 nova
1306 1803 1446 1867 editione

347 1905 380 1971 J.
401 1905 603 1970 Bourdelotii
625 1906 706 1969 notis
730 1906 846 1970 criticis
872 1915 903 1970 ct
924 1904 1082 1990 glossario
1099 1904 1299 1974 Petroniano.
1322 1903 1444 1989 Repur-

351 2016 448 2091 gante
471 2007 597 2092 singula
617 2019 648 2072 et
670 2017 836 2072 ac'curante
861 2007 1007 2092 Rutgero
1035 2005 1291 2070 Hermannide.“
1333 2005 1445 2069 Proxi-

346 2131 434 2172 mum
459 2108 588 2194 quidem
612 2117 669 2191 est,
694 2107 786 2172 etiam
808 2112 908 2173 verba
927 2107 1112 2193 „glossario
1133 2106 1349 2171 Petroniano“
1372 2129 1443 2171 cum

347 2207 476 2272 nomine
489 2208 689 2273 Bourdelotii
711 2209 918 2293 coniungere,
938 2209 1024 2273 cuius
1048 2217 1141 2271 notae
1163 2208 1289 2272 criticae
1308 2208 1361 2271 hic
1381 2207 1446 2270 illic

346 2309 475 2373 refictae
499 2318 529 2373 et
552 2310 752 2375 abbreviatae
765 2309 992 2373 Hermannidis
1017 2308 1156 2372 editione
1186 2309 1339 2393 repetitae
1363 2318 1445 2389 sunt,

347 2410 405 2473 sed
427 2410 566 2495 primum
588 2419 675 2474 vasta
696 2410 751 2474 illa
776 2420 808 2473 ct
827 2409 988 2494 indigesta
1011 2408 1162 2487 eruditio,
1185 2431 1278 2492 quam
1300 2407 1445 2472 Bourde-

347 2500 442 2573 lo'tius
474 2511 593 2594 ubique
633 2520 791 2574 ostentare-
832 2520 930 2591 amat,
962 2510 995 2571 in
1031 2509 1092 2572 hoc
1126 2508 1283 2594 glossario
1314 2529 1445 2593 prorsus

350 2608 549 2672 desideratur
558 2657 567 2688 ,
595 2610 726 2690 deinde,
759 2609 792 2672 id
826 2631 886 2694 quo
909 2631 961 2672 res
986 2609 1167 2689 conficitur,
1190 2609 1223 2671 in
1246 2607 1447 2672 Bourdelotii

348 2709 497 2788 editione,
529 2731 609 2793 quae
640 2708 767 2773 Parisiis
796 2709 916 2794 prodiit
946 2731 1028 2772 auno
1058 2710 1139 2774 1618
1171 2709 1264 2773 huius
1295 2708 1443 2793 glossarii

345 2831 406 2872 nec
433 2809 505 2873 vola
539 2831 599 2874 nec
637 2810 808 2894 vestigium
841 2818 935 2873 extat.
995 2810 1113 2873 Verum
1152 2810 1239 2873 baud
1272 2809 1367 2875 dubie
1402 2811 1440 2875 ab

346 2909 568 2974 Hermannide
596 2911 699 2996 primo
734 2911 800 2974 eins
830 2911 954 2975 editore
985 2912 1162 2975 confectum
1193 2919 1249 2990 cst,
1272 2909 1348 2974 licet
1370 2909 1440 2995 ipse

349 3012 389 3075 de
404 3013 465 3077 hac
483 3034 519 3075 re
542 3034 583 3076 ne
599 3014 733 3076 verbum
755 3011 884 3096 quidem
908 3020 1045 3075 moneat.
1068 3011 1226 3075 Nimirum
1246 3037 1263 3076 a
1283 3033 1318 3075 se
1340 3011 1441 3097 inipe-

346 3122 430 3176 trare
448 3135 512 3176 non
528 3113 639 3197 potuit,
655 3122 689 3177 ut
700 3112 885 3176 Petronium
905 3135 997 3175 suum
1018 3111 1217 3176 Bourdelotii
1232 3111 1330 3198 copiis
1347 3132 1438 3174 exor-

346 3223 451 3278 natum
487 3215 557 3278 sine
590 3215 656 3279 ullo
692 3237 768 3279 suae
809 3215 970 3279 doctrinae
1001 3213 1225 3296 sollertiaeque
1258 3210 1434 3297 specimine

349 3421 427 3428 ..ν-...-
431 3420 547 3427 ——-.

381 3562 407 3628 1)
427 3559 511 3612 Unum
532 3559 611 3610 buius
631 3555 829 3622 compilationis
849 3557 999 3623 exemplum
1020 3558 1160 3623 adponam.
1199 3558 1237 3609 De
1256 3574 1335 3610 scaro
1356 3561 1441 3624 pisce,

347 3653 422 3702 cuius
442 3649 509 3714 apud
525 3645 675 3697 Petronium
694 3644 735 3694 bis
756 3659 813 3710 cap.
833 3643 878 3706 93,
897 3644 912 3695 2
934 3653 960 3695 et
979 3645 1030 3697 119
1050 3647 1149 3696 mentio
1170 3647 1205 3710 lit,
1223 3648 1359 3715 glossator
1377 3647 1443 3699 baec

346 3739 494 3799 adnotavit,
517 3751 584 3803 quae
604 3741 725 3802 tanquam
748 3740 822 3784 vetus
843 3735 1021 3784 testimonium
1043 3734 1074 3783 ad
1096 3733 1208 3785 Ennium
1239 3743 1362 3801 spectans
1380 3735 1442 3786 lau·

347 3829 441 3878 dantur
466 3841 481 3876 a
509 3823 586 3874 Petro
618 3822 765 3872 burmanno
791 3822 822 3871 ad
851 3821 998 3887 Antbolog.
1024 3821 1108 3873 ltatin.
1137 3821 1162 3886 l,
1190 3823 1243 3877 590
1271 3831 1296 3874 et
1322 3823 1443 3874 Vahleno

347 3915 458 3966 Ennian.
477 3928 551 3978 poss.
566 3910 614 3963 rel.
631 3926 691 3977 pag.
704 3908 772 3962 167:
792 3909 892 3973 „Piscis
912 3909 1075 3960 nobilissimi
1096 3927 1192 3977 genus,
1212 3913 1275 3961 mari
1297 3909 1440 3976 Carpathio
1489 3938 1492 3944 ·

348 4003 481 4068 frequens.
520 3997 672 4050 ‘cerebrum
685 3997 767 4048 loris’
788 3998 873 4048 dictus
893 3997 925 4048 ab
938 3997 1050 4049 Ennio,“
1070 3998 1212 4066 llesumpta
1231 4006 1292 4049 sunt
1310 4015 1342 4049 ex
1354 3995 1440 4050 Gold-

348 4091 396 4140 asti
424 4090 595 4139 adnotatione
625 4087 656 4138 ad
678 4084 814 4152 cap.119.
856 4086 941 4136 Verba
960 4085 1081 4139 Enniana
1100 4087 1227 4155 leguntur
1248 4089 1320 4153 ,pud
1345 4086 1444 4153 Appu-

346 4179 426 4230 leium
447 4177 479 4226 de
499 4177 586 4242 magia
606 4190 663 4241 cap.
684 4173 726 4227 39.

381 4265 408 4331 2)
429 4263 519 4313 Parum
540 4265 609 4313 enirn
628 4271 761 4328 accurate,
782 4270 810 4313 ut
829 4279 889 4313 mox
909 4261 1108 4326 demonstrabo,
1129 4261 1267 4314 Fabricius
1285 4262 1445 4315 bibliothec.

348 4354 430 4404 latin,
450 4353 491 4402 ed.
519 4350 623 4402 Ernesti
650 4351 692 4414 11,
720 4369 746 4420 p·
777 4351 828 4404 156
855 4351 922 4403 haec
941 4353 1040 4403 relert:
1067 4349 1147 4417 „Cum
1180 4354 1250 4402 notis
1275 4352 1387 4403 eruditis
1415 4359 1442 4403 et

347 4441 479 4510 glossario
501 4438 542 4491 lo.
564 4438 730 4493 Bourdelotii
755 4443 857 4508 prodiit
884 4441 964 4494 Paris.
988 4441 1127 4495 1618.12.
1150 4440 1221 4495 1645
1241 4450 1266 4494 et
1284 4438 1364 4508 1677,
1382 4441 1442 4496 12“.
