3542 5292
860 537 902 599 36

334 718 488 800 fendunt,
526 727 562 783 ut
595 719 760 800 ,sedibus“
787 720 838 783 rel
859 718 1009 799 „finibus“
1029 718 1130 783 audiri
1152 719 1292 785 iubeant.
1340 722 1448 789 Recte

333 832 439 887 tamen
474 820 625 885 viderunt
663 819 739 905 quid
769 819 924 884 sententia
953 820 1104 905 postulet.
1147 818 1197 883 Ex
1219 822 1331 888 verbis
1357 823 1446 889 enim

334 945 387 1004 „se
409 927 554 987 teneant“
575 929 689 1007 sponte
713 920 849 984 conicias
870 920 902 984 in
926 941 1005 984 roee
1028 928 1177 1007 corrupta
1195 921 1298 1002 ,suis“
1317 945 1444 989 nomen

335 1023 469 1088 alicuius
492 1021 553 1086 loci
576 1021 684 1100 latere,
706 1021 737 1084 in
761 1043 824 1106 quo
845 1030 1016 1085 nocturnas
1038 1019 1208 1085 considere
1228 1032 1369 1109 rogant,
1401 1045 1443 1089 ne

336 1126 411 1190 dum
432 1132 525 1188 nocte
558 1146 574 1187 a
603 1144 702 1187 coena
724 1122 881 1203 redeant,
909 1123 948 1186 ab
972 1122 1018 1186 eis
1041 1120 1268 1206 inquietentur.
1323 1123 1441 1210 Itaque

336 1209 512 1311 corrigam}
539 1247 709 1310 „rogamus
732 1232 767 1287 ut
789 1223 933 1288 triviis
957 1244 993 1288 se
1015 1229 1161 1287 teneant‘
1181 1224 1233 1287 vel
1254 1232 1290 1287 ut
1315 1223 1440 1291 amicus

335 1324 462 1411 quidam
485 1325 595 1389 maluit
615 1333 667 1405 ,ut
688 1323 830 1388 triviis
853 1324 936 1388 suis“
958 1346 984 1387 e.
1011 1346 1039 1408 q.
1063 1348 1086 1389 s.
1110 1322 1218 1388 Trivia
1239 1345 1392 1410 magnam
1408 1327 1439 1390 in

332 1428 429 1491 rebus
458 1423 589 1508 magicis
616 1433 646 1488 ot
670 1423 966 1511 superstitionibus,
988 1424 1087 1488 voluti
1113 1423 1142 1487 in
1167 1423 1307 1489 llecatae
1338 1427 1437 1509 cultu,

333 1525 547 1591 auctoritatem
571 1523 745 1591 obtinuisse
776 1525 849 1588 satis
871 1533 981 1589 notum
1005 1533 1061 1590 ost.
1072 1527 1097 1609 ¹)

332 1699 528 1708 ———-—-

368 1808 394 1873 1)
415 1805 447 1858 Ut
458 1806 508 1857 hac
519 1805 725 1856 Trimalchionis
745 1804 834 1855 fabula
854 1806 888 1858 de
907 1807 1033 1874 strigibus
1052 1815 1155 1859 narrata
1175 1818 1254 1878 atque
1273 1814 1356 1867 simili
1379 1817 1437 1882 itta,

333 1911 411 1962 quam
431 1894 500 1944 alius
520 1891 633 1943 libertus
654 1891 747 1957 paullo
767 1899 845 1943 antea
865 1895 969 1958 profert
987 1895 1019 1944 de
1044 1894 1277 1964 hominequodam
1297 1902 1324 1952 in
1339 1902 1436 1970 lupum

335 1997 467 2033 eonrerso
487 2006 521 2016 -
549 1981 583 2030 cf.
604 1978 740 2032 ll'elelrer.
771 1978 812 2029 lll·
834 1979 943 2031 Schrift.
969 1980 1187 2046 ]]],ρ.157-
1214 1985 1287 2038 clara
1314 1989 1439 2059 vulgaris

333 2070 532 2135 superstitionis
553 2069 641 2135 imago
663 2065 742 2118 nobis
762 2074 820 2118 ante
841 2067 937 2118 oculos
956 2070 1074 2134 ponitur,
1088 2070 1123 2120 ita
1144 2071 1213 2124 haud
1233 2089 1318 2140 pauca
1341 2078 1369 2129 in
1384 2078 1439 2130 boc

334 2159 464 2223 scriptore
484 2162 640 2219 narrantur,
665 2170 733 2222 quae
752 2156 783 2206 ad
804 2154 877 2205 illam
898 2156 1035 2208 adludunt.
1074 2157 1162 2226 Atque
1182 2162 1303 2213 adtentus
1325 2167 1437 2233 quidem

332 2247 419 2297 leetor
436 2244 500 2294 talia
520 2242 602 2294 facile
622 2242 803 2308 persentiscat.
842 2242 898 2293 lluc
919 2259 982 2295 vero
1004 2246 1118 2311 pertinet
1138 2246 1223 2311 locus,
1246 2252 1324 2301 euius
1345 2255 1439 2321 serip-

332 2341 415 2383 turam
447 2331 608 2381 constituere
640 2345 693 2380 non
724 2331 839 2397 contigit
868 2332 934 2382 viris
962 2332 1071 2396 doctis,
1103 2334 1166 2384 dico
1190 2334 1317 2403 Encolpii
1354 2341 1439 2394 rerba

333 2417 513 2486 cap.131,11
534 2433 603 2482 „non
625 2419 758 2484 precantis
778 2419 913 2485 usquead
932 2422 1076 2470 satietatem
1099 2421 1200 2472 osculis
1221 2423 1321 2476 fruor“.
1360 2427 1438 2492 Quae

333 2509 475 2560 emendare
497 2507 563 2558 lieet
582 2523 613 2557 ex
634 2504 703 2557 libro
724 2504 873 2570 Beruensi,
902 2508 946 2573 qui
977 2507 1046 2558 hanc
1072 2509 1204 2577 insignem
1226 2513 1437 2579 discrepantiam

332 2595 413 2646 habet
425 2613 431 2644 r
445 2609 513 2659 „non
525 2592 786 2659 praecantatis“.
801 2591 877 2644 Unde
889 2593 1000 2658 primum
1013 2595 1117 2645 conieci
1132 2611 1201 2659 ,non
1223 2613 1377 2665 praeoan
1388 2608 1439 2654 ta-

333 2681 466 2747 tus“,sed
486 2681 535 2731 bae
549 2681 696 2732 mutatione
708 2682 752 2732 riu
764 2696 831 2747 opus
849 2687 896 2731 est.
916 2679 1016 2746 Nempe
1033 2680 1182 2749 Encolpius
1202 2686 1303 2737 osculis
1322 2689 1438 2756 fruitur,

334 2769 432 2838 quibus
452 2785 501 2833 „ue
530 2770 590 2835 quis
619 2768 704 2819 malus
730 2770 853 2821 invidere
881 2771 982 2836 possit‘
1009 2773 1033 2822 ei
1054 2787 1108 2823 non
1130 2774 1275 2825 verendum
1294 2782 1334 2826 est
1353 2785 1438 2846 atque

333 2857 456 2909 consulto
478 2858 585 2924 quidem
616 2872 684 2921 „non
714 2860 906 2923 praecantatis“
938 2863 1042 2913 ironice
1067 2865 1151 2927 dicit,
1176 2867 1239 2931 quia
1258 2881 1332 2934 saga,
1357 2869 1440 2921 cuius

333 2945 434 2997 auxilio
454 2944 546 3011 paullo
568 2952 645 2995 antea
672 2961 735 2995 usus
756 2953 803 3010 est,
824 2948 895 2998 inter
914 2949 966 3000 alia
987 2967 1089 3002 venena
1108 2953 1186 3002 etiam
1205 2953 1331 3020 „lapillos
1352 2970 1439 3022 prae·

334 3033 469 3085 cantatos“
491 3032 620 3083 adhibuit.
652 3031 692 3084 De
714 3033 848 3085 vocabulo
869 3038 1073 3102 „praecantare“
1094 3040 1283 3108 similibusque
1303 3044 1330 3094 in
1353 3044 1440 3097 rebus

332 3123 444 3189 magicis
464 3121 566 3170 usitatis
578 3120 612 3171 cf.
630 3117 748 3172 Gronov.
768 3122 901 3175 observat.
914 3123 973 3188 ll,l
988 3127 1030 3177 ed.
1049 3125 1163 3178 l'latner.
1183 3144 1208 3194 p.
1222 3129 1272 3182 166
1287 3146 1294 3192 ;
1314 3128 1440 3185 Grauert.

332 3209 423 3259 histor.
444 3207 512 3273 pbil.
532 3206 655 3258 bualekt.
674 3206 778 3273 p.1003
798 3209 914 3277 iladvig.
935 3213 961 3264 in
975 3210 1028 3263 Cic.
1045 3214 1078 3265 de
1099 3215 1142 3264 bn.
1162 3231 1189 3281 p.
1200 3213 1262 3281 870,
1281 3216 1326 3268 ubi
1353 3218 1439 3271 buius

334 3311 394 3345 usus
416 3293 535 3360 exempla
555 3293 766 3361 Wesenbergius
794 3296 923 3363 conlegit.
960 3298 1009 3361 Qui
1031 3300 1102 3366 quod
1123 3299 1251 3353 Ciceroni
1272 3302 1306 3354 de
1333 3304 1380 3356 frn.
1402 3306 1439 3372 ll,

332 3381 366 3433 29
385 3382 499 3432 restituit
519 3380 705 3445 ,.praecentet“
726 3381 768 3433 rel
789 3387 984 3449 ,praerantet“,
1002 3386 1154 3439 dubitanter
1174 3389 1240 3442 illud
1260 3392 1436 3461 alladrigio

333 3469 482 3535 probatum,
502 3468 528 3518 id
549 3466 674 3517 subtilius
695 3484 771 3534 qrram
793 3472 882 3520 verius
903 3475 1080 3541 excogitatum
1101 3476 1165 3526 mibi
1189 3479 1295 3528 ridetur
1314 3482 1439 3549 satisque

335 3557 376 3609 vel
399 3558 453 3617 eis,
481 3570 548 3621 quae
567 3554 717 3621 Madvigius
737 3572 762 3622 p.
782 3555 834 3609 870
851 3560 999 3627 siguificat,
1021 3563 1157 3615 refutatur.
1195 3565 1245 3616 Sed
1266 3566 1348 3617 liccat
1369 3571 1438 3625 mihi

335 3648 393 3711 ipsa
423 3641 563 3694 Ciceronis
592 3644 672 3695 rerba
702 3646 873 3698 adscribere:
901 3649 1092 3712 „eraruobrem
1122 3660 1200 3718 turpe
1220 3655 1365 3719 putandum
1389 3664 1440 3730 est,

331 3749 385 3786 nou
407 3733 468 3782 rliro
489 3731 582 3784 dolere
601 3759 635 3769 —
654 3749 712 3785 nam
733 3735 758 3785 id
781 3736 888 3802 quidem
910 3739 1039 3790 interdum
1060 3746 1101 3790 est
1121 3743 1330 3794 neeesse—sed
1343 3759 1438 3797 aarum

335 3824 403 3875 illud
425 3822 560 3873 Lerunium
581 3824 698 3876 elamore
716 3824 901 3877 I'hilortetaeo
931 3828 1074 3890 funestare,
1102 3828 1188 3890 ‘Quod
1218 3830 1317 3881 eiulatu
1339 3833 1439 3898 questu

331 3913 433 3981 gemitu
454 3910 601 3962 fremitibus
621 3912 783 3965 Resondndo
804 3922 903 3965 mutum
924 3915 1026 3967 lle'biles
1048 3919 1128 3967 rores
1152 3918 1250 3969 refert'.
1277 3918 1345 3968 lluie
1364 3918 1439 3987 Epi·

333 4016 412 4051 eurus
433 4006 658 4065 praecentet,
677 4003 698 4052 si
721 4008 809 4067 potest
829 4004 871 4054 eui
894 4002 924 4054 ‘E
945 4005 1068 4070 viperino
1089 4010 1175 4057 morsu
1197 4023 1281 4057 venae
1302 4010 1439 4060 viscerum

334 4085 442 4136 Veneno
465 4084 572 4137 inbutae
593 4088 689 4138 taetros
719 4088 853 4141 eruciatus
881 4089 988 4142 cient’“.
1036 4091 1136 4144 l'ersus
1163 4094 1259 4159 scripsi
1287 4094 1438 4147 secundum

331 4171 463 4224 Ribbeck.
488 4175 582 4240 tragic.
610 4174 725 4226 lratiuor.
754 4177 802 4228 rel.
822 4194 847 4243 p.
868 4176 929 4230 176.
949 4178 1087 4248 bladrigio
1109 4183 1135 4232 in
1156 4189 1279 4248 corrupta
1297 4181 1361 4232 libri
1384 4182 1439 4235 Er-

331 4261 468 4327 langensis
492 4264 623 4328 scriptura
655 4265 839 4332 „praecentet“
870 4266 982 4334 aliquod
1010 4267 1171 4319 vocabulum
1202 4270 1286 4321 latere
1315 4270 1439 4336 videtur,

331 4363 385 4415 qno
406 4349 480 4399 notio
501 4350 681 4404 subveniendi
703 4355 874 4420 exprimatur,
895 4361 955 4420 „ant
974 4356 1075 4407 duabus
1099 4357 1210 4409 rocibns
1234 4358 1325 4409 eadem
1344 4358 1439 4426 signi·

330 4435 418 4487 ficatio
440 4439 649 4505 conprehensa“.
688 4441 769 4505 Quam
791 4443 898 4509 quidem
919 4444 999 4505 riam,
1019 4458 1070 4511 qua
1091 4444 1159 4495 nihil
1181 4446 1346 4507 rectiorem,
1367 4460 1438 4512 per·
