3542 5292
845 536 911 598 ·41

341 717 420 781 dum
443 718 593 781 abhorret
616 741 633 780 a
653 716 808 800 singulari
821 717 877 778 illa
899 715 1099 800 simplicitate
1112 723 1205 799 atque
1218 714 1438 799 neglegentia,

340 841 433 903 quam
457 818 554 881 oratio
579 816 646 880 eius
670 816 852 900 quotidiano
887 819 1082 881 urbanorum
1111 815 1274 878 bominum
1303 816 1457 878 sermoni

339 919 581 983 adcommodata
605 937 684 1000 prae
709 938 743 979 se
765 919 850 980 ferre
880 915 972 979 solet.
1015 915 1077 980 llic
1100 915 1229 998 quidem
1257 937 1374 987 sermo,
1411 924 1445 978 ut

338 1041 438 1104 pauca
458 1017 613 1101 quaedam
636 1037 803 1096 moneam,
834 1037 913 1099 quae
937 1036 1041 1097 neque
1064 1014 1232 1094 Studcrus,
1262 1035 1336 1077 nor.
1360 1014 1440 1078 Mus.

337 1118 483 1182 Rhenan.
508 1114 559 1196 lI,
591 1137 621 1200 p.
645 1116 685 1179 88
714 1137 760 1199 sq.
794 1114 955 1178 adnotavit
985 1135 1090 1196 nequo
1123 1113 1175 1197 qui
1203 1123 1276 1199 post
1311 1135 1383 1176 eum
1410 1114 1443 1177 in

337 1216 423 1281 varia
436 1215 563 1280 dicendi
577 1236 700 1299 genera
721 1239 739 1278 a
760 1214 910 1278 Petronio
924 1234 1077 1297 expressa
1091 1213 1253 1296 inquisivit
1267 1210 1339 1277 Can
1354 1211 1444 1277 Beck

337 1315 432 1398 „The
461 1337 523 1398 age
552 1315 588 1378 ol
606 1313 775 1377 Petronius
798 1313 951 1393 Arbiter,
973 1313 1171 1397 Cambridge
1199 1314 1303 1378 18le
1324 1336 1356 1399 p.
1383 1315 1443 1378 104

337 1439 383 1501 sq.
409 1437 450 1479 ex
471 1415 534 1478 hoe
556 1414 714 1498 frequenti
738 1437 797 1477 usu
820 1413 1037 1499 perspicitur,
1061 1435 1123 1496 quo
1146 1412 1333 1496 subiectum,
1354 1414 1441 1498 quod

337 1519 437 1581 verbo
452 1515 545 1580 alicui
557 1515 651 1596 inest,
672 1514 803 1597 insuper
820 1514 929 1577 addito
952 1512 1142 1598 pronomine
1157 1513 1262 1596 aliquo
1280 1514 1441 1600 personali

338 1617 546 1701 significatur,
581 1637 761 1700 quanquam
793 1614 844 1678 alii
876 1635 1034 1699 personae
1069 1635 1134 1677 non
1163 1615 1345 1699 opponitur.
1389 1615 1439 1677 Ex

338 1717 454 1781 eodem
475 1717 562 1779 fonte
586 1716 679 1779 etiam
705 1715 785 1777 illud
811 1715 878 1795 „ita
902 1718 973 1777 est“
995 1736 1062 1798 cap.
1086 1715 1137 1795 20,
1162 1715 1190 1777 7.
1211 1716 1262 1795 21,
1287 1715 1316 1777 7.
1347 1715 1397 1793 84,
1423 1716 1438 1777 1

337 1817 471 1903 petitum
489 1816 626 1897 videtur,
655 1816 739 1900 quod
763 1815 847 1900 apud
861 1813 1018 1880 Senecam
1037 1814 1274 1900 philosophum,
1297 1817 1348 1899 qui
1370 1815 1443 1880 talia

338 1916 483 2003 captavit,
492 1917 618 2000 saepius
629 1916 789 1980 invenit-ur
802 1953 836 1962 -
852 1913 1006 1979 cl.Haasii
1016 1916 1147 1998 praefat.
1161 1915 1200 1977 ad
1215 1915 1330 1982 Senes.
1339 1916 1402 1979 vol.
1414 1915 1440 1998 l,

339 2019 422 2103 pv
457 2055 495 2067 -
540 2026 633 2100 atque
669 2016 749 2079 illud
783 2017 916 2095 „bene
949 2018 1065 2077 mane“
1104 2036 1171 2099 cap.
1194 2016 1256 2097 85,
1287 2017 1317 2096 6,
1348 2038 1442 2100 quem

337 2139 430 2180 usum
451 2116 538 2181 vocis
561 2120 693 2197 „bene“
715 2116 908 2200 interpretes
933 2115 1089 2198 exemplis
1111 2137 1152 2178 ex
1172 2115 1337 2180 Ciceronis
1356 2117 1438 2202 epis·

337 2217 463 2280 tolist
431 2225 526 2301 atquo
549 2217 688 2301 Hygino
725 2216 835 2280 adlatis
867 2215 1042 2278 inlustrant
1086 2214 1282 2378 Saepissime
1312 2219 1443 2298 „bene“

340 2317 383 2382 ita
401 2317 533 2431 ponitur
554 2317 640 2401 apud
662 2317 850 2402 scriptorem
874 2315 951 2380 belli
970 2315 1012 2376 ll
1004 2315 1254 2400 spaniensisc
1238 2315 1437 2402 clNipper-

344 2417 409 2480 deii
441 2416 572 2496 Quaest.
612 2417 793 2481 Caesarian
827 2439 857 2500 p.
892 2417 942 2478 27.
964 2414 1065 2477 l'·orro
1098 2415 1161 2479 huc
1199 2417 1324 2497 refero,
1361 2439 1440 2500 quae

343 2517 424 2581 inl'ra
444 2517 554 2602 posui:
580 2539 646 2603 cap.
660 2518 710 2597 82,
734 2517 754 2580 2
774 2516 883 2597 „Cum
908 2536 1107 2579 errarem..
1132 2564 1138 2577 .
1162 2536 1222 2579 nec
1243 2516 1439 2580 invenissem

342 2640 404 2702 quo
424 2618 495 2682 loeo
518 2618 676 2681 stabulum
698 2616 924 2700 reliquissem“
942 2637 970 2678 e.
980 2637 1008 2698 q.
1020 2639 1044 2678 s.
1057 2637 1124 2699 cap.
1149 2616 1199 2695 22,
1222 2617 1243 2680 3
1270 2617 1441 2702 „lagenam

341 2718 510 2803 expilare“
532 2740 592 2802 pro
616 2718 808 2798 „ebibere“.
830 2738 897 2800 cap.
914 2716 1174 2795 27,4„cubitum
1198 2718 1284 2801 apud
1305 2719 1443 2802 aliquem

338 2824 489 2906 ponere“
519 2839 578 2902 pro
615 2838 751 2881 coenare
783 2815 869 2900 apud
898 2814 1047 2898 aliquem.
1091 2813 1332 2881 Proverbialem
1370 2839 1442 2903 spe-

338 2921 421 2985 eiem
446 2921 565 2984 habent
578 2940 648 3003 cap.
669 2918 719 2997 92,
745 2918 764 2980 9
785 2916 915 3002 „pridie
927 2914 1080 2999 incipere,
1105 2916 1299 3000 posterodie
1313 2916 1440 2981 finire“.

340 3043 407 3106 cap.
432 3020 502 3100 104,
524 3020 544 3082 2
568 3019 608 3082 de
634 3017 690 3099 eis,
715 3017 829 3100 quibus
853 3016 967 3080 eadem
989 3014 1111 3078 somnia
1141 3016 1325 3080 aeciderunt
1352 3040 1440 3098 „una

339 3120 512 3186 dormiret
529 3121 554 3204 q

340 3416 418 3451 enum
438 3406 477 3451 est
486 3399 658 3465 Encolpium,
678 3400 705 3449 in
720 3413 797 3464 quem
814 3394 920 3448 Goetlrii
943 3393 1024 3447 verba
1046 3393 1144 3444 eadunt
1163 3394 1196 3444 de
1216 3410 1325 3446 moroso
1346 3396 1441 3445 artium

339 3495 475 3539 auratore:
496 3487 540 3553 „ln
563 3487 779 3555 Bildergalerieu
806 3486 871 3554 geht
891 3504 920 3538 er
941 3489 1083 3552 spazteren
1104 3486 1157 3536 Vor
1185 3485 1271 3537 lauter
1288 3483 1443 3549 Gemalden,

337 3575 383 3627 die
402 3575 447 3626 iltn
467 3576 604 3640 veriren“,
628 3591 704 3643 quarn
728 3583 797 3626 amat
816 3577 930 3626 ironiam
952 3583 1045 3625 eontra
1065 3590 1093 3624 se
1114 3576 1198 3640 ipsum
1220 3573 1358 3625 adhibere.

372 3661 400 3730 1)
420 3663 478 3715 Non
505 3663 590 3730 probo
617 3665 689 3733 quod
721 3664 848 3714 Studerus
878 3663 1039 3728 „rnulionem
1070 3661 1159 3712 lata“
1185 3678 1243 3728 cap.
1262 3662 1312 3726 69,
1332 3663 1349 3715 5
1368 3663 1438 3714 idem

337 3751 429 3804 valere
448 3753 515 3803 dicit
533 3759 612 3819 atque
631 3752 794 3816 „mulionum
818 3750 944 3802 dieta“.
980 3749 1042 3799 llam
1066 3765 1135 3816 quae
1156 3749 1191 3800 ibi
1213 3750 1347 3802 deservo
1368 3767 1439 3816 quo·

336 3841 395 3893 dam
407 3848 562 3893 narrantur:
584 3840 813 3900 ,lacernatus
836 3855 912 3890 eum
934 3839 1090 3905 flagello
1106 3837 1326 3906 mulionum-,tata
1348 3838 1438 3906 egit“

336 3928 413 3979 illurn
434 3935 513 3979 totam
542 3927 690 3978 mulionum
717 3926 834 3978 indolem
855 3935 934 3994 atque
960 3933 1080 3977 naturam
1101 3928 1208 3978 mimica
1233 3935 1290 3978 arte
1309 3929 1437 3977 imitatum

336 4033 397 4069 esse
416 4015 488 4067 clare
509 4017 660 4069 ostendunt.
679 4016 713 4067 cl.
734 4031 791 4082 cap.
814 4013 889 4081 68,8
908 4030 1013 4080 „parem
1042 4014 1203 4079 nonhabet,
1223 4017 1282 4066 sive
1306 4015 1439 4067 muliones

341 4103 417 4157 volet
446 4105 505 4155 sire
524 4104 700 4156 circulatores
720 4103 843 4155 inritari“.
880 4103 1029 4155 Mulionunr
1048 4111 1134 4154 autem
1146 4119 1274 4169 personas
1288 4103 1336 4153 illa
1353 4109 1438 4154 aetate

339 4197 367 4245 in
389 4194 442 4244 hoc
461 4195 600 4244 mimorum
621 4210 721 4261 genere
741 4195 848 4244 usitatas
874 4194 957 4244 luisse
981 4192 1101 4243 Senecae
1122 4191 1212 4243 verbis
1232 4191 1286 4242 lud.
1306 4194 1340 4244 de
1358 4198 1436 4243 mort.

335 4277 429 4333 Claud.
451 4297 508 4346 cap.
529 4281 545 4333 6
566 4283 750 4349 significatur:
772 4281 823 4346 „Tu
844 4289 953 4344 autem,
973 4283 1019 4348 qni
1039 4280 1116 4346 plura
1135 4279 1196 4330 loca
1217 4277 1338 4341 calcasti,
1359 4295 1436 4346 quarn

324 4369 404 4422 ¹nllus
433 4370 517 4421 mulio
544 4373 748 4437 perpetuarius,
768 4370 962 4440 Lugdunenses
983 4370 1055 4420 scire
1074 4367 1182 4421 debes“.
1209 4369 1244 4419 cl.
1265 4367 1349 4420 lahnii
1370 4383 1437 4434 pro-

334 4458 388 4526 leg.
410 4460 437 4510 in
465 4457 583 4511 Persium
604 4474 630 4525 p.
654 4458 791 4511 LXXXIX.
829 4458 922 4526 Neque
952 4460 1090 4525 perspexit
1122 4457 1268 4520 studeres,
1297 4457 1361 4526 quid
1384 4455 1439 4508 sibi
