3542 5292
856 559 898 620 43

334 750 442 806 tatum.
485 740 550 804 Iam
573 761 650 804 vero
673 740 846 803 cumliaco
871 740 983 803 cadem
1010 749 1196 823 argumenta
1223 740 1314 804 etia-m
1329 748 1437 804 contra

335 838 522 924 scripturam
544 838 706 923 vulgatam
725 838 852 902 valeant
864 887 873 918 ‚
897 838 1105 924 perspicuum
1130 839 1189 904 erit
1210 839 1313 924 prima
1335 860 1433 902 enun-

336 940 406 1005 ciati
441 940 596 1005 vocabula
623 961 689 1021 „cx
710 940 784 1003 his“
816 948 965 1025 corrupta
987 961 1068 1002 esse.
1114 939 1187 1018 Quo
1225 950 1330 1004 autem
1361 962 1432 1004 sen·

333 1041 450 1106 tentiae
471 1063 594 1106 conexu
609 1040 771 1117 ducamur,
794 1039 857 1103 iam
871 1060 967 1123 supra
989 1038 1184 1124 significavi3
1212 1040 1361 1124 equidem
1378 1038 1433 1104 ali-

335 1141 409 1227 quid
434 1141 595 1221 desidere,
619 1162 680 1224 quo
701 1141 810 1205 addito
833 1139 980 1224 Encolpii
1005 1141 1141 1202 narratio
1166 1141 1273 1225 paullo
1298 1140 1433 1205 alacrior

335 1242 456 1307 evadat.
500 1242 607 1326 Atque
631 1241 664 1305 id
677 1240 805 1324 quidem
829 1240 996 1305 adsecutus
1017 1263 1087 1304 csse
1110 1241 1187 1304 mihi
1208 1242 1322 1306 videor
1335 1241 1433 1328 scrip

335 1351 405 1406 tura
424 1341 540 1405 leniter
555 1342 597 1406 ita
618 1342 743 1406 relicta:
777 1339 911 1421 „Ecce
933 1341 980 1421 ii,
1005 1342 1057 1426 qui
1081 1341 1114 1404 in
1128 1342 1301 1427 porticibus
1320 1342 1434 1428 spatia·

334 1446 472 1509 bantnr“
502 1464 530 1507 e.
561 1464 589 1524 q.
623 1466 647 1506 s.
680 1440 843 1506 Librarius
876 1464 947 1505 cum
979 1443 1077 1506 semel
1109 1448 1200 1523 ‚7ex“
1231 1465 1290 1526 pro
1323 1448 1434 1523 ‚‚exc“

333 1541 532 1627 scripsisset,
577 1542 623 1606 sic
663 1541 746 1606 enim
779 1545 906 1621 ‚,ecce“
938 1541 969 1603 in
1006 1541 1095 1607 libris
1126 1541 1325 1605 l’ctronianis
1367 1563 1435 1606 sae·

333 1640 404 1724 pius
427 1641 579 1727 scriptum
612 1649 669 1722 est,
703 1641 932 1704 nominativum
966 1663 1037 1705 cum
1071 1641 1208 1705 ablativo
1237 1664 1301 1705 non
1332 1642 1435 1728 potuit

333 1765 398 1806 non
418 1750 623 1806 commutare.
656 1740 765 1825 Itaque
791 1763 856 1803 non
878 1740 981 1803 minus
1003 1741 1037 1803 in
1064 1749 1211 1826 promptu
1235 1751 1282 1804 est
1305 1741 1346 1806 ita
1367 1763 1434 1806 cor-

327 1844 460 1930 rigere:
502 1840 632 1924 „Ecce
670 1841 736 1926 qni
768 1842 800 1903 in
832 1840 1051 1924 porticibus“,
1089 1862 1170 1927 quae
1193 1841 1323 1926 quidem
1354 1842 1433 1906 ratio

334 1945 412 2008 mihi
434 1944 536 2029 magis
558 1945 686 2030 placet,
720 1964 812 2028 quam
835 1941 954 2022 altera,
979 1963 1040 2025 qua
1059 1943 1129 2024 „ir‘
1150 1965 1331 2026 pronomen
1352 1943 1435 2008 male

333 2045 479 2110 effertur.

374 2143 546 2231 Gap.102‚
573 2147 589 2208 1
623 2141 797 2228 Encolpius
832 2152 863 2206 et
886 2142 983 2208 Giton
1007 2166 1079 2206 casu
1110 2143 1248 2226 quodam
1281 2143 1434 2209 certiores

335 2246 406 2311 facti
430 2265 464 2309 se
496 2246 528 2308 in
550 2244 658 2330 Lycao
689 2243 894 2308 inimicissimi
926 2243 986 2309 sibi
1014 2243 1151 2308 hominis
1173 2243 1336 2328 navigium
1359 2244 1434 2308 inci·

335 2347 421 2411 disse
442 2345 529 2410 varia
566 2344 742 2430 effugiendi
766 2344 898 2409 consilia
920 2354 1130 2428 concoquunt.
1174 2344 1229 2410 Sic
1258 2342 1433 2430 Encolpius

335 2449 419 2512 inter
430 2447 491 2511 alia
504 2447 585 2512 haec
599 2469 725 2533 quoque
748 2449 913 2533 proponit:
944 2447 1055 2528 „Quin
1076 2448 1190 2534 potius,
1214 2451 1343 2533 inquam
1359 2471 1432 2534 ego,

335 2548 377 2612 ad
398 2547 609 2612 temeritatem
633 2548 833 2632 confugimus
856 2557 887 2612 et
909 2571 969 2633 per
982 2549 1089 2612 funem
1109 2548 1191 2634 lapsi
1207 2549 1432 2614 descendimus

333 2648 367 2712 in
387 2648 537 2734 scapham
561 2648 771 2733 praecisoque
794 2649 922 2713 vinculo
953 2649 1076 2734 reliqua
1097 2650 1241 2713 fortunae
1268 2648 1433 2713 committi-

333 2772 414 2814 mus.
450 2747 520 2813 Nec
542 2771 605 2834 ego
628 2749 661 2812 in
683 2749 745 2814 hoc
758 2749 936 2834 periculum
954 2749 1147 2835 Eumolpum
1165 2771 1301 2814 arcesso.
1346 2749 1434 2830 Quid

333 2850 416 2914 enim
441 2849 559 2930 attinet,
582 2840 785 2914 innocentem
808 2850 913 2914 alieno
944 2850 1088 2936 periculo
1118 2850 1311 2937 imponere?
1349 2850 1432 2915 Con-

333 2960 437 3016 tentus
461 2974 541 3032 sum,
576 2950 602 3013 si
625 2974 683 3014 nos
707 2951 939 3016 descendentes
970 2951 1127 3016 adiuverit
1150 2956 1272 3016 casus“.
1317 2950 1432 3016 Mirum

335 3061 393 3134 est,
415 3053 500 3136 quod
521 3049 697 3137 Encolpius
719 3072 756 3114 se
778 3061 959 3116 contentum
982 3057 1052 3116 sore
1073 3053 1249 3139 profitetur,
1271 3053 1298 3115 si
1320 3053 1360 3116 de
1380 3076 1432 3116 na·

272 3230 275 3234 .
335 3151 423 3236 rigio
446 3151 581 3216 feliciter
601 3151 634 3215 in
655 3151 802 3234 scapham
818 3152 1030 3216 descenderit.
1072 3152 1260 3237 importuna
1279 3175 1432 3218 sanemo-

336 3251 446 3332 destia,
472 3252 619 3336 quoniam
641 3253 737 3336 fugae
761 3252 929 3316 difficultas
952 3254 983 3316 in
1008 3275 1045 3317 eo
1065 3253 1263 3338 potissimum
1277 3265 1431 3334 versatur,

333 3362 367 3417 ut
390 3374 408 3417 e
430 3352 519 3416 navis
548 3353 684 3438 regione
715 3374 750 3416 se
782 3355 905 3418 occulte
932 3354 1119 3418 subducant.
1164 3353 1306 3419 Adcedit
1332 3354 1431 3437 aliud,

335 3453 452 3537 inquo
477 3453 591 3516 merito
624 3453 780 3517 offendas.
825 3453 1056 3539 Exspectamus
1076 3455 1172 3535 enim,
1203 3464 1238 3517 ut
1258 3453 1432 3539 Encolpius

333 3576 368 3620 se
382 3564 413 3620 et
424 3554 574 3621 Gitonem
598 3553 769 3639 Eumolpo,
793 3555 846 3638 qui
869 3577 941 3618 cum
965 3555 994 3617 vi
1010 3556 1144 3640 quadam
1164 3554 1365 3636 ,‚innocens“
1385 3553 1431 3619 di·

335 3657 424 3739 citur,
448 3663 597 3741 opponat,
611 3653 669 3718 sed
692 3653 778 3738 quod
806 3655 930 3718 moneri
953 3654 1007 3718 vix
1031 3678 1111 3739 opus
1135 3665 1192 3736 est,
1212 3655 1298 3719 inter
1318 3654 1431 3735 „inno-

334 3760 482 3824 centem“
506 3766 537 3820 et
557 3754 841 3836 „descendentem
858 3756 947 3819 nulla
967 3778 1098 3842 prorsus
1124 3754 1282 3841 oppositio
1297 3755 1431 3821 interce·

335 3859 390 3922 dit.
427 3856 516 3936 Quid
544 3854 665 3919 multa?
698 3853 833 3942 Scripsit
860 3856 1043 3922 Petronius:
1077 3856 1279 3938 „Contentus
1301 3878 1381 3935 sum,
1404 3855 1431 3919 si

333 3979 391 4022 nos
423 3967 625 4022 nocentes
656 3957 812 4021 adiuverit
840 3963 962 4022 casus“.
1006 3958 1061 4025 Sic
1086 3958 1169 4022 infra
1192 3957 1340 4020 dicuntur
1362 3978 1430 4040 cap.

334 4060 404 4139 105,
430 4061 458 4138 1,
487 4057 507 4120 2
534 4056 715 4138 „Attrahite
725 4056 811 4122 ocius
834 4069 1038 4124 nocentes
1060 4060 1094 4122 in
1118 4058 1269 4123 medium.
1371 4055 1429 4120 sed

334 4159 406 4246 quia
426 4169 624 4222 nocentes
646 4157 793 4223 horridos
814 4207 822 4224 .
846 4206 853 4222 .
877 4207 884 4221 .
906 4159 1062 4227 habebant
1097 4160 1253 4245 capillos“
1286 4181 1314 4224 c.
1345 4181 1374 4246 q.
1403 4181 1452 4223 s.

334 4258 422 4340 Quid
441 4266 546 4323 autem
569 4257 784 4323 commiserint
807 4281 849 4323 ex
874 4262 1052 4325 narratione
1072 4261 1180 4346 paullo
1206 4270 1299 4325 antea
1310 4259 1427 4324 misere

333 4387 351 4426 a
375 4359 513 4426 librariis
538 4357 679 4423 mutilata
702 4359 845 4427 divinare
859 4383 924 4425 non
949 4362 1022 4428 licet
1043 4363 1288 4448 necquidquam
1305 4361 1344 4426 ad
1361 4382 1430 4424 rcm

335 4457 417 4522 facit.
