3542 5292
894 569 936 632 60

365 753 491 840 speravi
530 754 600 816 fore
637 761 672 816 ut
705 751 785 816 haec
819 749 998 814 coniectura
1029 747 1148 838 ueteris
1181 745 1342 832 scriptoris
1373 743 1462 808 testi·
1562 814 1567 821 ¹

364 854 470 920 monio
494 853 721 933 confirmetur,
752 875 824 917 cum
857 850 943 938 apud
965 848 1146 936 Gruppium
1170 848 1202 911 in
1225 847 1328 928 libro,
1364 869 1461 933 quem

363 956 498 1036 „Minos“
531 954 709 1041 inscripsit,
739 953 819 1017 haec
845 950 913 1037 legi
946 973 978 1037 p.
1009 951 1088 1013 541:
1133 948 1242 1029 „Noch
1277 948 1366 1034 gicht
1395 948 1462 1012 Ma·

364 1058 453 1122 crob.¹
485 1055 594 1124 Somn.
626 1056 718 1137 1,2‚
747 1057 766 1118 8
799 1078 855 1137 an,
889 1055 961 1119 dass
999 1077 1071 1118 man
1100 1053 1162 1117 den
1190 1052 1359 1117 Petronius
1392 1051 1463 1116 und

363 1157 520 1242 Apuleius
544 1158 600 1222 mit
623 1156 836 1225 Geschichten
858 1158 1039 1222 bercichert
1060 1159 1160 1238 habc;
1193 1180 1232 1220 an
1263 1156 1329 1221 sich
1361 1157 1463 1220 selbst

364 1257 461 1322 sehon
484 1259 776 1324 wahrscheinlich“.
820 1258 888 1327 Sed
912 1281 987 1346 spes
1008 1281 1060 1324 me
1082 1282 1215 1345 prorsus
1240 1256 1366 1322 fefellit.
1404 1255 1461 1320 Ni-

362 1357 478 1422 mirum
500 1358 549 1422 vir
570 1358 757 1443 ingeniosus
770 1382 864 1444 quem
885 1358 991 1422 laudat
1008 1357 1160 1423 Macrobii
1179 1357 1286 1422 locum
1310 1355 1461 1420 festinan·

363 1459 424 1524 tius
449 1459 603 1546 inspexit;
625 1483 696 1524 nam
718 1459 761 1525 ibi
786 1461 826 1524 de
849 1460 904 1540 eis,
930 1481 1009 1545 quae
1032 1469 1147 1538 narrat,
1173 1481 1214 1524 ne
1234 1462 1366 1524 verbum
1390 1456 1461 1542 qui·

364 1560 438 1625 dem
457 1561 576 1648 legitur
587 1563 622 1651 1).
665 1562 813 1626 Attamen
838 1561 992 1647 quidquid
1016 1561 1057 1625 de
1078 1569 1178 1625 aetate
1202 1559 1296 1624 huius
1320 1559 1462 1644 interpo-

364 1662 488 1727 lationis
510 1671 635 1743 statuaS,
660 1662 709 1727 cui
733 1663 809 1748 quid
830 1685 939 1727 ansam
960 1662 1087 1726 dederit
1120 1663 1237 1725 frustra
1263 1682 1411 1747 quaeras,
1428 1660 1461 1724 id

364 1771 484 1827 constat
518 1785 586 1827 eam
619 1773 654 1827 ut
685 1762 816 1830 alteram
848 1764 935 1828 illam
958 1763 1043 1828 haud
1065 1762 1221 1827 noviciam
1253 1783 1347 1840 esse,
1386 1783 1461 1825 cum

362 1862 443 1928 libro
456 1864 614 1930 Beruensi
636 1866 754 1930 saeculi
776 1868 888 1932 decimi
904 1868 1125 1932 exhibeantur.
1170 1865 1213 1932 Ut
1233 1888 1311 1930 vcro
1330 1865 1483 1957 diversa·

364 1961 417 2026 illa
440 1973 665 2051 excerptorum
694 1967 853 2054 exempla,
877 1967 918 2031 ita
942 1967 1034 2031 etiam
1055 1968 1134 2031 haec
1158 1965 1222 2030 duo
1245 1964 1383 2052 iusignia
1404 1965 1461 2029 ad-

365 2062 534 2128 ditamenta
563 2065 712 2131 Petronio
742 2068 906 2154 supposita
938 2067 1023 2131 hunc
1055 2067 1241 2152 scriptorem
1278 2065 1331 2129 diu
1362 2073 1461 2150 atque

365 2166 553 2251 frequenter
576 2187 647 2231 esse
668 2168 840 2232 lectitatum
865 2168 1037 2254 perspicue
1059 2168 1284 2232 demonstrant.

812 2398 919 2404 —m---o
923 2401 930 2404 .
944 2401 1007 2408 ..ἡ

408 2579 568 2648 Glossaria
581 2580 633 2644 illa
653 2580 686 2645 in
699 2580 921 2645 commentario
938 2579 1024 2644 Petri
1038 2579 1180 2644 Danielis
1192 2591 1461 2663 commemorata,

365 2703 446 2768 quae
471 2705 568 2769 supra
599 2681 711 2767 tetigi,
744 2680 882 2768 insignia
915 2682 1033 2746 habent
1063 2680 1248 2766 antiquioris
1283 2681 1458 2746 memoriae

366 2782 498 2868 vestigia
518 2803 625 2868 neque
646 2781 779 2868 indigna
801 2791 890 2860 sunt,
914 2804 995 2867 quae
1021 2782 1052 2845 in
1083 2771 1273 2847 bibliotheca
1293 2782 1459 2865 Leidensi,

365 2907 437 2948 nam
457 2883 500 2950 ibi
523 2886 657 2948 fortasse
679 2883 762 2947 inter
784 2883 863 2947 alios
884 2882 979 2947 huius
995 2881 1125 2967 generis
1145 2884 1311 2948 thesauros
1333 2868 1462 2972 sepulta

364 2982 484 3064 iacent,
517 2981 750 3069 investigentur
782 2991 876 3068 atque
906 2983 1080 3047 accuratius
1117 2983 1328 3050 excutiantur.
1377 2985 1463 3052 Satis

366 3084 449 3148 enim
470 3084 578 3152 habuit
606 3084 718 3149 Petrus
739 3083 856 3148 Daniel
877 3083 910 3147 in
929 3092 1111 3149 transcursu
1142 3106 1202 3149 nec
1227 3085 1301 3150 satis
1323 3095 1357 3150 ut
1371 3086 1462 3152 vide-

366 3194 417 3251 tur
448 3185 601 3251 distinctis
634 3184 815 3251 nominibus
841 3184 896 3250 illa
918 3185 1084 3271 adtingere
1106 3208 1196 3251 more
1220 3187 1304 3253 illius
1336 3189 1461 3271 aetatis,

367 3309 447 3374 quae
469 3287 500 3350 in
520 3287 569 3351 his
591 3288 687 3350 rebus
711 3309 823 3372 parum
845 3295 989 3350 accurata
1012 3296 1087 3350 erat.
1119 3285 1271 3352 Ceterum
1287 3289 1372 3353 haud
1389 3289 1460 3355 inu-

366 3387 420 3452 tile
442 3388 522 3468 erit,
551 3387 629 3452 duas
651 3388 776 3472 glossas
799 3388 836 3450 ab
860 3387 917 3449 illo
936 3386 1077 3473 prolatas
1107 3388 1262 3470 subicere,
1289 3389 1320 3453 in
1344 3390 1462 3476 quibus

364 3487 513 3555 notabilia
533 3488 710 3552 testimonia
736 3486 840 3573 posita
876 3496 949 3551 sunt
972 3487 1013 3551 ad
1038 3487 1162 3552 titulum
1189 3489 1294 3576 operis
1316 3491 1463 3557 Petroni-

365 3589 416 3652 ani
437 3587 617 3675 spectantia.
650 3587 710 3653 Oui
732 3587 818 3673 quod
836 3589 935 3676 vulgo
952 3588 1133 3653 inscribitur
1145 3588 1358 3675 „Satyricon“,
1372 3595 1462 3678 quod

365 3690 568 3755 Burmannus
602 3689 756 3755 similibus
787 3689 886 3754 titulis
921 3690 1009 3754 velut
1032 3688 1139 3756 Ovidii
1159 3690 1463 3781 Metamorphoseon
1520 3694 1525 3705 '

366 3791 455 3876 libris
476 3793 508 3856 in
532 3794 798 3880 comparationem
830 3795 945 3859 vocatis
984 3817 1095 3880 parurn
1127 3804 1200 3882 apte
1225 3796 1390 3878 defendit,
1425 3797 1462 3863 id

365 3915 428 3958 non
454 3895 491 3959 ab
523 3893 593 3980 ipso
616 3895 795 3981 scriptore,
828 3895 886 3960 sed
909 3897 946 3960 ab
967 3895 1036 3959 aliis
1060 3895 1268 3962 derivandum
1293 3919 1364 3963 csse
1395 3896 1465 3966 iam·

364 4097 562 4107 ι----.-.....

402 4246 429 4314 1)
448 4245 576 4298 llacrobii
599 4247 680 4299 verba
699 4246 765 4297 baec
784 4253 858 4296 sunt:
888 4246 1028 4309 „Auditum
1060 4245 1178 4297 mulcent
1205 4246 1277 4297 vciut
1303 4249 1463 4302 comoediae

367 4336 459 4404 quales
486 4335 629 4387 Menander
656 4337 749 4387 eiusve
769 4337 915 4386 imitatores
935 4336 1052 4403 agendas
1071 4336 1204 4407 dedorunt
1232 4336 1273 4388 vel
1303 4345 1461 4403 argumenta

365 4426 431 4476 lictis
451 4425 556 4476 casibus
576 4432 718 4476 amatorum
739 4424 846 4486 referta,
864 4423 960 4491 quibus
980 4422 1020 4474 vel
1042 4423 1150 4474 multum
1169 4441 1198 4475 se
1210 4424 1318 4476 Arbiter
1337 4428 1462 4477 exercuit

367 4514 410 4567 rel
430 4514 572 4581 Apuleium
592 4528 778 4582 nonnunquam
798 4512 894 4564 lusisse
912 4509 1062 4563 miramur“.
