3542 5292
870 551 911 616 15

338 735 402 821 plis
432 757 529 798 unum
558 734 701 798 nondum
734 741 912 800 correctum
944 731 1094 812 adiciam,
1128 733 1214 816 quod
1244 755 1310 821 cap.
1334 735 1437 817 28,5

340 841 382 902 ita
404 833 602 921 Traguriano
632 835 808 920 proditur:
817 834 925 916 „Oum
957 854 1037 917 ergo
1067 833 1253 914 auferretur,
1278 835 1319 898 ad
1345 847 1437 922 caput

342 937 408 1002 eius
432 959 502 1001 curn
528 935 663 999 minimis
687 935 936 1021 symphoniacus
950 934 1033 997 tibiis
1051 934 1217 998 aceessit.“
1237 934 1435 1022 inpromptu

344 1047 400 1118 est,
423 1035 601 1100 intricatum
623 1037 794 1099 verborum
819 1034 963 1099 ordinem
986 1033 1029 1097 ita
1052 1034 1223 1119 expedire:
1258 1037 1322 1117 „ad
1345 1046 1438 1122 caput

341 1139 407 1203 eius
417 1136 665 1224 symphoniacus
676 1160 746 1201 cum
755 1136 892 1200 minimis
908 1136 992 1200 tibiis
1008 1136 1175 1200 accessit.“
1196 1135 1332 1202 Gravius
1344 1138 1437 1204 buius

341 1237 606 1323 generis'vitium
630 1261 696 1324 cap.
714 1238 796 1318 33‚1
821 1237 951 1322 legitur,
975 1236 1060 1320 quod
1083 1237 1140 1300 etsi
1161 1236 1223 1300 iam
1248 1238 1368 1302 dudum
1390 1263 1437 1304 sa·
1487 1281 1489 1285 -

343 1350 451 1403 natum
476 1350 532 1418 est,
556 1349 662 1402 tamen
684 1361 754 1427 cum
779 1338 820 1402 dc
840 1338 974 1402 aliorum
988 1337 1133 1421 ¹locorum
1150 1337 1304 1424 scriptura
1323 1341 1438 1404 certius

343 1440 419 1502 inde
448 1438 582 1503 iudicari
610 1438 727 1524 possit,
762 1437 946 1502 adscribere
978 1439 1254 1523 operaepretium
1279 1439 1346 1503 erit.
1390 1441 1440 1507 lbi
1527 1467 1530 1474 ·

344 1540 443 1625 igitur
464 1540 497 1603 in
520 1538 719 1624 Traguriano
744 1541 822 1603 haee
846 1539 1054 1603 exhibentur:
1076 1539 1202 1620 „amici,
1224 1540 1334 1624 inquit,
1360 1563 1437 1605 non·

345 1641 418 1704 dum
443 1639 519 1703 mibi
541 1662 637 1704 suave
660 1649 727 1703 erat
747 1641 780 1703 in
801 1639 973 1704 triclinium
992 1641 1106 1703 absens
1121 1662 1211 1704 more
1225 1643 1314 1706 vobis
1329 1643 1439 1708 venire

342 1742 400 1807 sed
423 1765 464 1805 ne
489 1741 606 1804 diutius
631 1742 831 1805 absentivos
855 1763 959 1804 essem
981 1740 1176 1823 voluptatem
1197 1741 1272 1804 mihi
1288 1745 1440 1828 negavi.“

343 1842 396 1906 De
421 1841 534 1926 quibus
558 1863 638 1924 quae
660 1840 811 1905 Nicolaus
829 1840 981 1905 Heinsius
1006 1841 1054 1903 vir
1079 1841 1118 1904 de
1132 1839 1283 1905 Petronio
1302 1843 1438 1928 egregie

343 1942 476 2006 meritus
511 1941 673 2005 adnotavit
696 1941 748 2006 hio
769 1942 913 2006 inserere
933 1941 1009 2004 mihi
1033 1941 1134 2006 liceat.
1157 1941 1305 2024 „llaec,“
1327 1945 1437 2030 inquit,

343 2043 553 2124 „conturbata
583 2051 674 2120 sunt:
715 2041 833 2106 scribe:
864 2041 1027 2105 ‘Nondum
1060 2041 1137 2105 mihi
1168 2066 1265 2107 suave
1288 2054 1370 2126 erat,
1406 2046 1445 2132 in·

345 2141 514 2208 triclinium
544 2142 673 2222 venire,
704 2142 762 2206 sed
794 2165 835 2207 ne
875 2143 991 2206 diutius
1023 2144 1280 2208 absentivus'
1313 2185 1352 2196 -
1387 2147 1441 2212 vel

347 2244 481 2308 ‘absens’
516 2283 548 2292 -
584 2265 692 2308 morae
721 2243 810 2309 vobis
838 2266 957 2324 essem,
990 2244 1183 2330 voluptatem
1215 2269 1342 2311 omnem
1365 2248 1441 2312 mihi

346 2344 481 2429 negavi.²
531 2343 745 2408 ‘Absentivus'
769 2354 803 2407 ut
828 2345 1010 2408 ‘vocativus‘
1043 2345 1076 2407 in
1107 2346 1169 2409 vita
1190 2347 1370 2411 Alexandri
1383 2347 1441 2416 Se-

346 2450 414 2512 veri
447 2446 533 2532 apud
565 2445 767 2531 Spartianum
804 2469 870 2530 cap.
905 2446 1004 2525 XIV,
1045 2457 1195 2510 monente
1221 2447 1378 2514 Salmasio
1409 2459 1441 2513 et

347 2549 535 2636 fiacentivae
567 2548 707 2611 arbores*
746 2546 779 2609 in
800 2546 929 2632 legibus
951 2545 1276 2631 Longobardornm.“
1319 2550 1440 2616 Rectis-

346 2652 427 2715 sime
448 2649 599 2713 Heinsius
628 2661 659 2712 et
686 2647 830 2712 ordinem
851 2650 1025 2712 verborum
1047 2659 1078 2712 et
1097 2651 1326 2730 „absentivus“
1348 2675 1441 2718 voca·

343 2751 453 2815 bulum
475 2748 652 2829 revocavit,
687 2747 737 2813 cui
768 2769 820 2810 me
849 2747 956 2812 iudice
980 2771 1044 2812 non
1070 2749 1206 2815 debebat
1226 2752 1332 2816 tritum
1359 2754 1440 2818 illud

342 2853 509 2932 „absens“
530 2849 709 2914 dubitanter
731 2849 933 2913 substituere.
977 2847 1066 2914 Nihil
1089 2851 1173 2915 enim
1195 2853 1228 2916 in
1248 2853 1440 2940 Traguriani

346 2951 497 3036 exemplo
522 2950 662 3015 abundat
683 2972 746 3013 uno
771 2961 907 3036 excepto
931 2952 1094 3031 „absens“
1112 2953 1267 3017 vocabulo
1289 2992 1330 3005 -·
1350 2978 1441 3037 „om-

343 3058 440 3118 nem“
460 3062 585 3116 veteres
612 3050 767 3115 editiones
790 3051 912 3114 addunt
935 3089 972 3099 -
1004 3052 1103 3136 idque
1121 3053 1191 3117 sine
1209 3054 1305 3121 dubio
1321 3057 1441 3121 librarii

346 3153 476 3218 alieuius
498 3152 743 3216 additamentum
767 3151 898 3215 estvoei
919 3152 1031 3215 rariori
1051 3154 1281 3233 „absentivus“
1300 3157 1441 3244 adscrip-

347 3264 422 3317 tum.
470 3253 592 3316 Eadem
614 3254 736 3316 ratione
760 3253 868 3337 glossa
890 3251 925 3315 in
945 3255 1044 3317 verba
1068 3254 1231 3340 scriptoris
1257 3280 1324 3342 cap.
1346 3260 1397 3340 44,
1422 3260 1442 3322 8

345 3353 497 3439 inrepsit:
529 3353 591 3434 „ln
624 3354 709 3418 curia
740 3364 844 3417 autern
874 3354 1034 3437 quomodo
1066 3354 1210 3440 singulos
1242 3359 1295 3422 vel
1323 3360 1443 3446 pilabat

349 3456 536 3534 tractabat,“
547 3474 627 3536 quae
647 3453 831 3518 Schefferus
851 3454 894 3518 ita
905 3455 1001 3520 scribi
1017 3455 1321 3541 voluit:„quomodo
1333 3461 1441 3547 singu-

349 3554 395 3618 los
416 3553 497 3617 vahl
527 3552 669 3636 pilabat“
682 3552 781 3617 eiecto
803 3557 1000 3634 „tractabat“
1012 3565 1159 3639 tanquam
1181 3558 1267 3622 vocis
1279 3560 1443 3644 „pilabat“

349 3655 640 3740 interpretamento.
675 3651 742 3718 Sed
764 3654 870 3746 multo
887 3654 1062 3740 simplicius
1085 3667 1142 3738 est,
1165 3658 1249 3722 bunc
1270 3659 1375 3724 locum
1396 3663 1443 3729 sic

351 3756 535 3840 corrigere:
567 3754 752 3838 „quomodo
782 3755 927 3838 singulos
949 3756 1108 3841 pilabatt“
1139 3760 1244 3824 verbis
1264 3762 1343 3842 „vel
1364 3772 1443 3830 trac-

347 3859 452 3920 tabat“
465 3855 588 3935 deletis,
603 3877 683 3938 quae
696 3853 860 3939 „pilabat“
874 3856 1028 3920 vocabulo
1043 3867 1096 3920 aut
1111 3861 1326 3947 superscripta
1344 3875 1441 3948 erant,

306 3988 309 3994 ¹
348 3966 399 4019 aut
421 3979 462 4019 ex
484 3955 646 4040 margine,
673 3954 807 4049 quaein
831 3954 1032 4040 Traguriano
1055 3957 1182 4042 saepius
1204 3959 1277 4024 talia
1301 3964 1441 4048 exhibet,

347 4059 380 4123 in
404 4061 548 4124 ordinem
569 4061 742 4125 verborum
764 4059 859 4124 inlata
885 4070 967 4124 sunt.
1005 4059 1119 4144 Neque
1142 4062 1175 4124 in
1195 4061 1278 4126 libro
1301 4063 1357 4128 illo
1381 4067 1444 4132 alia

348 4148 498 4248 erempla
522 4163 645 4242 desunt,
671 4183 750 4246 quae
776 4160 889 4226 eadem
913 4163 1095 4248 corruptela
1116 4173 1177 4227 tam
1199 4166 1365 4231 manifesto
1389 4167 1442 4232 ad·

347 4265 429 4329 fecta
453 4275 534 4344 sunt,
556 4273 591 4327 ut
609 4264 769 4328 neminem
792 4263 909 4347 sugere
931 4264 1063 4349 possint.
1083 4263 1140 4330 Sic
1163 4289 1230 4352 cap.
1248 4267 1298 4349 33,
1322 4270 1342 4331 5
1362 4270 1441 4336 haec

349 4365 521 4450 leguntur:
542 4374 757 4452 „temptemus
783 4377 886 4430 tamen
909 4390 984 4430 num
1007 4366 1112 4432 adhuc
1131 4369 1262 4435 sorbilia
1284 4375 1379 4435 sunt“
1402 4408 1442 4422 -·

349 4469 415 4533 scil.
440 4465 720 4553 ova-[„sorberi
739 4469 922 4558 possunt“];
948 4492 1021 4556 cap„
1037 4470 1117 4604 6Ξρ
1130 4471 1208 4555 „qui
1221 4472 1348 4538 valebat
1373 4482 1443 4562 [po-
