<?xml version="1.0" encoding="UTF-8"?>
<!DOCTYPE html PUBLIC "-//W3C//DTD XHTML 1.0 Transitional//EN"
    "http://www.w3.org/TR/xhtml1/DTD/xhtml1-transitional.dtd">
<html xmlns="http://www.w3.org/1999/xhtml" xml:lang="en" lang="en">
 <head>
  <title>
</title>
<meta http-equiv="Content-Type" content="text/html;charset=utf-8" />
  <meta name='ocr-system' content='tesseract 3.04.00' />
  <meta name='ocr-capabilities' content='ocr_page ocr_carea ocr_par ocr_line ocrx_word'/>
</head>
<body>
  <div class='ocr_page' id='page_1' title='image "./observationescr00wehlgoog/observationescr00wehlgoog_0056.png"; bbox 0 0 3542 5292; ppageno 0'>
   <div class='ocr_carea' id='block_1_1' title="bbox 865 533 908 598">
    <p class='ocr_par' dir='ltr' id='par_1_1' title="bbox 865 533 908 598">
     <span class='ocr_line' id='line_1_1' title="bbox 865 533 908 598; baseline 0 0"><span class='ocrx_word' id='word_1_1' title='bbox 865 533 908 598; x_wconf 77' lang='lat'><strong>50</strong></span> 
     </span>
    </p>
   </div>
   <div class='ocr_carea' id='block_1_2' title="bbox 329 713 1435 3421">
    <p class='ocr_par' dir='ltr' id='par_1_2' title="bbox 329 713 1429 1104">
     <span class='ocr_line' id='line_1_2' title="bbox 332 713 1429 803; baseline 0.002 -23"><span class='ocrx_word' id='word_1_2' title='bbox 332 716 427 782; x_wconf 78' lang='lat' dir='ltr'><strong>esse?</strong></span> <span class='ocrx_word' id='word_1_3' title='bbox 448 714 559 799; x_wconf 88' lang='lat' dir='ltr'><strong>ltaque</strong></span> <span class='ocrx_word' id='word_1_4' title='bbox 581 723 617 778; x_wconf 91' lang='lat' dir='ltr'><strong>ut</strong></span> <span class='ocrx_word' id='word_1_5' title='bbox 637 736 792 778; x_wconf 89' lang='lat' dir='ltr'><strong>summam</strong></span> <span class='ocrx_word' id='word_1_6' title='bbox 813 713 1040 799; x_wconf 81' lang='lat' dir='ltr'><strong>disquisitionis</strong></span> <span class='ocrx_word' id='word_1_7' title='bbox 1062 737 1155 780; x_wconf 91' lang='lat' dir='ltr'><strong>meae</strong></span> <span class='ocrx_word' id='word_1_8' title='bbox 1171 717 1376 803; x_wconf 86' lang='lat' dir='ltr'><strong>complectar,</strong></span> <span class='ocrx_word' id='word_1_9' title='bbox 1398 726 1429 782; x_wconf 91' lang='lat' dir='ltr'><strong>et</strong></span> 
     </span>
     <span class='ocr_line' id='line_1_3' title="bbox 330 813 1425 899; baseline 0 -17"><span class='ocrx_word' id='word_1_10' title='bbox 330 818 379 882; x_wconf 88' lang='lat' dir='ltr'><strong>his</strong></span> <span class='ocrx_word' id='word_1_11' title='bbox 406 815 555 881; x_wconf 91' lang='lat' dir='ltr'><strong>orationis</strong></span> <span class='ocrx_word' id='word_1_12' title='bbox 582 814 662 878; x_wconf 88' lang='lat' dir='ltr'><strong>vitiis</strong></span> <span class='ocrx_word' id='word_1_13' title='bbox 687 825 718 879; x_wconf 92' lang='lat' dir='ltr'><strong>et</strong></span> <span class='ocrx_word' id='word_1_14' title='bbox 738 815 814 878; x_wconf 88' lang='lat' dir='ltr'><strong>inde</strong></span> <span class='ocrx_word' id='word_1_15' title='bbox 837 815 923 899; x_wconf 91' lang='lat' dir='ltr'><strong>quod</strong></span> <span class='ocrx_word' id='word_1_16' title='bbox 947 813 1054 899; x_wconf 84' lang='lat' dir='ltr'><strong>capitis</strong></span> <span class='ocrx_word' id='word_1_17' title='bbox 1076 815 1159 879; x_wconf 82' lang='lat' dir='ltr'><strong>sexti</strong></span> <span class='ocrx_word' id='word_1_18' title='bbox 1184 816 1271 880; x_wconf 91' lang='lat' dir='ltr'><strong>initio</strong></span> <span class='ocrx_word' id='word_1_19' title='bbox 1296 816 1425 899; x_wconf 87' lang='lat' dir='ltr'><strong>laudes,</strong></span> 
     </span>
     <span class='ocr_line' id='line_1_4' title="bbox 332 914 1429 1004; baseline 0 -22"><span class='ocrx_word' id='word_1_20' title='bbox 332 939 408 1003; x_wconf 89' lang='lat' dir='ltr'><strong>quas</strong></span> <span class='ocrx_word' id='word_1_21' title='bbox 429 914 604 1003; x_wconf 83' lang='lat' dir='ltr'><strong>Encolpius</strong></span> <span class='ocrx_word' id='word_1_22' title='bbox 628 915 716 979; x_wconf 83' lang='lat' dir='ltr'><strong>dedit</strong></span> <span class='ocrx_word' id='word_1_23' title='bbox 737 915 949 1001; x_wconf 84' lang='lat' dir='ltr'><strong>praeceptori,</strong></span> <span class='ocrx_word' id='word_1_24' title='bbox 973 914 1195 981; x_wconf 84' lang='lat' dir='ltr'><strong>desiderantur</strong></span> <span class='ocrx_word' id='word_1_25' title='bbox 1223 938 1345 982; x_wconf 79' lang='lat' dir='ltr'><strong>manus‘</strong></span> <span class='ocrx_word' id='word_1_26' title='bbox 1361 918 1429 1004; x_wconf 91' lang='lat' dir='ltr'><strong>epi·</strong></span> 
     </span>
     <span class='ocr_line' id='line_1_5' title="bbox 329 1016 668 1104; baseline -0.015 -21"><span class='ocrx_word' id='word_1_27' title='bbox 329 1018 491 1084; x_wconf 78' lang='lat' dir='ltr'><strong>tornatoris</strong></span> <span class='ocrx_word' id='word_1_28' title='bbox 512 1016 668 1104; x_wconf 87' lang='lat' dir='ltr'><strong>proditur.</strong></span> 
     </span>
    </p>

    <p class='ocr_par' dir='ltr' id='par_1_3' title="bbox 330 1115 1435 3421">
     <span class='ocr_line' id='line_1_6' title="bbox 372 1115 1427 1203; baseline 0.001 -21"><span class='ocrx_word' id='word_1_29' title='bbox 372 1117 515 1184; x_wconf 87' lang='lat' dir='ltr'><strong>Transeo</strong></span> <span class='ocrx_word' id='word_1_30' title='bbox 547 1116 588 1181; x_wconf 93' lang='lat' dir='ltr'><strong>ad</strong></span> <span class='ocrx_word' id='word_1_31' title='bbox 618 1116 755 1180; x_wconf 85' lang='lat' dir='ltr'><strong>alterum</strong></span> <span class='ocrx_word' id='word_1_32' title='bbox 783 1116 906 1196; x_wconf 82' lang='lat' dir='ltr'><strong>locum,</strong></span> <span class='ocrx_word' id='word_1_33' title='bbox 940 1115 1028 1181; x_wconf 92' lang='lat' dir='ltr'><strong>cuius</strong></span> <span class='ocrx_word' id='word_1_34' title='bbox 1057 1115 1135 1181; x_wconf 88' lang='lat' dir='ltr'><strong>ratio</strong></span> <span class='ocrx_word' id='word_1_35' title='bbox 1154 1138 1286 1203; x_wconf 90' lang='lat' dir='ltr'><strong>prorsus</strong></span> <span class='ocrx_word' id='word_1_36' title='bbox 1309 1119 1427 1184; x_wconf 90' lang='lat' dir='ltr'><strong>eadem</strong></span> 
     </span>
     <span class='ocr_line' id='line_1_7' title="bbox 332 1216 1431 1304; baseline -0.002 -19"><span class='ocrx_word' id='word_1_37' title='bbox 332 1230 387 1285; x_wconf 90' lang='lat' dir='ltr'><strong>cst.</strong></span> <span class='ocrx_word' id='word_1_38' title='bbox 431 1219 463 1283; x_wconf 89' lang='lat' dir='ltr'><strong>Is</strong></span> <span class='ocrx_word' id='word_1_39' title='bbox 487 1218 606 1303; x_wconf 85' lang='lat' dir='ltr'><strong>legitur</strong></span> <span class='ocrx_word' id='word_1_40' title='bbox 627 1240 697 1304; x_wconf 90' lang='lat' dir='ltr'><strong>cap.</strong></span> <span class='ocrx_word' id='word_1_41' title='bbox 719 1217 825 1298; x_wconf 53' lang='lat'><strong>1242</strong></span> <span class='ocrx_word' id='word_1_42' title='bbox 846 1216 900 1281; x_wconf 90' lang='lat' dir='ltr'><strong>ubi</strong></span> <span class='ocrx_word' id='word_1_43' title='bbox 924 1226 998 1300; x_wconf 91' lang='lat' dir='ltr'><strong>post</strong></span> <span class='ocrx_word' id='word_1_44' title='bbox 1018 1239 1144 1282; x_wconf 90' lang='lat' dir='ltr'><strong>carmen</strong></span> <span class='ocrx_word' id='word_1_45' title='bbox 1168 1218 1209 1282; x_wconf 92' lang='lat' dir='ltr'><strong>de</strong></span> <span class='ocrx_word' id='word_1_46' title='bbox 1231 1219 1317 1283; x_wconf 94' lang='lat' dir='ltr'><strong>bello</strong></span> <span class='ocrx_word' id='word_1_47' title='bbox 1341 1217 1431 1284; x_wconf 86' lang='lat' dir='ltr'><strong>civili</strong></span> 
     </span>
     <span class='ocr_line' id='line_1_8' title="bbox 330 1315 1428 1404; baseline 0.001 -19"><span class='ocrx_word' id='word_1_48' title='bbox 330 1322 369 1385; x_wconf 89' lang='lat' dir='ltr'><strong>ab</strong></span> <span class='ocrx_word' id='word_1_49' title='bbox 391 1317 550 1403; x_wconf 83' lang='lat' dir='ltr'><strong>Eumolpo</strong></span> <span class='ocrx_word' id='word_1_50' title='bbox 571 1317 774 1403; x_wconf 78' lang='lat' dir='ltr'><strong>recitatum1)</strong></span> <span class='ocrx_word' id='word_1_51' title='bbox 799 1339 879 1403; x_wconf 89' lang='lat' dir='ltr'><strong>quac</strong></span> <span class='ocrx_word' id='word_1_52' title='bbox 908 1318 970 1381; x_wconf 89' lang='lat' dir='ltr'><strong>iam</strong></span> <span class='ocrx_word' id='word_1_53' title='bbox 990 1317 1098 1402; x_wconf 85' lang='lat' dir='ltr'><strong>incipit</strong></span> <span class='ocrx_word' id='word_1_54' title='bbox 1117 1315 1263 1404; x_wconf 89' lang='lat' dir='ltr'><strong>Encolpii</strong></span> <span class='ocrx_word' id='word_1_55' title='bbox 1285 1320 1428 1387; x_wconf 87' lang='lat' dir='ltr'><strong>narratio</strong></span> 
     </span>
     <span class='ocr_line' id='line_1_9' title="bbox 331 1417 1431 1505; baseline 0.004 -22"><span class='ocrx_word' id='word_1_56' title='bbox 331 1421 374 1484; x_wconf 88' lang='lat' dir='ltr'><strong>ita</strong></span> <span class='ocrx_word' id='word_1_57' title='bbox 395 1420 562 1505; x_wconf 83' lang='lat' dir='ltr'><strong>vulgatur:</strong></span> <span class='ocrx_word' id='word_1_58' title='bbox 587 1417 779 1500; x_wconf 81' lang='lat' dir='ltr'><strong>„Oumbaoe</strong></span> <span class='ocrx_word' id='word_1_59' title='bbox 799 1417 978 1504; x_wconf 82' lang='lat' dir='ltr'><strong>Eumolpus</strong></span> <span class='ocrx_word' id='word_1_60' title='bbox 1001 1419 1124 1504; x_wconf 81' lang='lat' dir='ltr'><strong>ingenti</strong></span> <span class='ocrx_word' id='word_1_61' title='bbox 1146 1422 1319 1486; x_wconf 90' lang='lat' dir='ltr'><strong>verborum</strong></span> <span class='ocrx_word' id='word_1_62' title='bbox 1338 1423 1431 1487; x_wconf 89' lang='lat' dir='ltr'><strong>volu-</strong></span> 
     </span>
     <span class='ocr_line' id='line_1_10' title="bbox 331 1518 1430 1606; baseline 0.005 -22"><span class='ocrx_word' id='word_1_63' title='bbox 331 1519 451 1585; x_wconf 89' lang='lat' dir='ltr'><strong>bilitate</strong></span> <span class='ocrx_word' id='word_1_64' title='bbox 473 1519 636 1584; x_wconf 86' lang='lat' dir='ltr'><strong>effudisset</strong></span> <span class='ocrx_word' id='word_1_65' title='bbox 647 1567 656 1601; x_wconf 82' lang='grc'>,</span> <span class='ocrx_word' id='word_1_66' title='bbox 679 1519 808 1583; x_wconf 90' lang='lat' dir='ltr'><strong>tandem</strong></span> <span class='ocrx_word' id='word_1_67' title='bbox 828 1518 969 1584; x_wconf 81' lang='lat' dir='ltr'><strong>Crotona</strong></span> <span class='ocrx_word' id='word_1_68' title='bbox 992 1518 1195 1602; x_wconf 89' lang='lat' dir='ltr'><strong>intravimus,</strong></span> <span class='ocrx_word' id='word_1_69' title='bbox 1219 1521 1274 1586; x_wconf 93' lang='lat' dir='ltr'><strong>ubi</strong></span> <span class='ocrx_word' id='word_1_70' title='bbox 1297 1523 1430 1606; x_wconf 89' lang='lat' dir='ltr'><strong>quidem</strong></span> 
     </span>
     <span class='ocr_line' id='line_1_11' title="bbox 331 1619 1433 1706; baseline 0.005 -21"><span class='ocrx_word' id='word_1_71' title='bbox 331 1641 430 1706; x_wconf 91' lang='lat' dir='ltr'><strong>parvo</strong></span> <span class='ocrx_word' id='word_1_72' title='bbox 453 1619 637 1685; x_wconf 87' lang='lat' dir='ltr'><strong>deversorio</strong></span> <span class='ocrx_word' id='word_1_73' title='bbox 659 1621 771 1684; x_wconf 85' lang='lat' dir='ltr'><strong>refecti</strong></span> <span class='ocrx_word' id='word_1_74' title='bbox 794 1629 924 1705; x_wconf 90' lang='lat' dir='ltr'><strong>postero</strong></span> <span class='ocrx_word' id='word_1_75' title='bbox 942 1620 995 1683; x_wconf 92' lang='lat' dir='ltr'><strong>die</strong></span> <span class='ocrx_word' id='word_1_76' title='bbox 1016 1621 1179 1706; x_wconf 90' lang='lat' dir='ltr'><strong>amplioris</strong></span> <span class='ocrx_word' id='word_1_77' title='bbox 1196 1622 1349 1688; x_wconf 83' lang='lat' dir='ltr'><strong>¹fortunae</strong></span> <span class='ocrx_word' id='word_1_78' title='bbox 1374 1624 1433 1690; x_wconf 90' lang='lat' dir='ltr'><strong>do-</strong></span> 
     </span>
     <span class='ocr_line' id='line_1_12' title="bbox 333 1708 1432 1815; baseline 0.005 -30"><span class='ocrx_word' id='word_1_79' title='bbox 333 1743 419 1786; x_wconf 92' lang='lat' dir='ltr'><strong>mum</strong></span> <span class='ocrx_word' id='word_1_80' title='bbox 441 1730 630 1805; x_wconf 85' lang='lat' dir='ltr'><strong>quaerentes</strong></span> <span class='ocrx_word' id='word_1_81' title='bbox 650 1708 819 1784; x_wconf 83' lang='lat' dir='ltr'><strong>incidimus</strong></span> <span class='ocrx_word' id='word_1_82' title='bbox 854 1721 885 1783; x_wconf 91' lang='lat' dir='ltr'><strong>in</strong></span> <span class='ocrx_word' id='word_1_83' title='bbox 907 1723 1030 1786; x_wconf 88' lang='lat' dir='ltr'><strong>turbam</strong></span> <span class='ocrx_word' id='word_1_84' title='bbox 1048 1720 1320 1815; x_wconf 76' lang='lat' dir='ltr'><strong>heredipetarum</strong></span> <span class='ocrx_word' id='word_1_85' title='bbox 1351 1725 1432 1790; x_wconf 90' lang='lat' dir='ltr'><strong>scis·</strong></span> 
     </span>
     <span class='ocr_line' id='line_1_13' title="bbox 336 1820 1433 1906; baseline 0.003 -20"><span class='ocrx_word' id='word_1_86' title='bbox 336 1820 496 1886; x_wconf 89' lang='lat' dir='ltr'><strong>citantium</strong></span> <span class='ocrx_word' id='word_1_87' title='bbox 516 1822 601 1906; x_wconf 90' lang='lat' dir='ltr'><strong>quod</strong></span> <span class='ocrx_word' id='word_1_88' title='bbox 623 1843 726 1906; x_wconf 84' lang='lat' dir='ltr'><strong>genus</strong></span> <span class='ocrx_word' id='word_1_89' title='bbox 748 1821 911 1885; x_wconf 90' lang='lat' dir='ltr'><strong>hominum</strong></span> <span class='ocrx_word' id='word_1_90' title='bbox 945 1831 998 1886; x_wconf 90' lang='lat' dir='ltr'><strong>aut</strong></span> <span class='ocrx_word' id='word_1_91' title='bbox 1024 1822 1109 1886; x_wconf 90' lang='lat' dir='ltr'><strong>ande</strong></span> <span class='ocrx_word' id='word_1_92' title='bbox 1138 1822 1334 1888; x_wconf 86' lang='lat' dir='ltr'><strong>veniremus.</strong></span> <span class='ocrx_word' id='word_1_93' title='bbox 1379 1823 1433 1889; x_wconf 87' lang='lat' dir='ltr'><strong>Ex</strong></span> 
     </span>
     <span class='ocr_line' id='line_1_14' title="bbox 333 1921 1434 2008; baseline 0.005 -23"><span class='ocrx_word' id='word_1_94' title='bbox 333 1922 529 2007; x_wconf 88' lang='lat' dir='ltr'><strong>praescripto</strong></span> <span class='ocrx_word' id='word_1_95' title='bbox 556 1944 634 2006; x_wconf 88' lang='lat' dir='ltr'><strong>ergo</strong></span> <span class='ocrx_word' id='word_1_96' title='bbox 670 1921 792 1987; x_wconf 88' lang='lat' dir='ltr'><strong>consilii</strong></span> <span class='ocrx_word' id='word_1_97' title='bbox 826 1923 999 1987; x_wconf 90' lang='lat' dir='ltr'><strong>communis</strong></span> <span class='ocrx_word' id='word_1_98' title='bbox 1031 1933 1231 2008; x_wconf 78' lang='lat' dir='ltr'><strong>exaggerata</strong></span> <span class='ocrx_word' id='word_1_99' title='bbox 1260 1928 1434 1992; x_wconf 91' lang='lat' dir='ltr'><strong>verborum</strong></span> 
     </span>
     <span class='ocr_line' id='line_1_15' title="bbox 334 2021 1435 2108; baseline 0.006 -23"><span class='ocrx_word' id='word_1_100' title='bbox 334 2021 531 2087; x_wconf 83' lang='lat' dir='ltr'><strong>volubilitate</strong></span> <span class='ocrx_word' id='word_1_101' title='bbox 552 2022 639 2086; x_wconf 88' lang='lat' dir='ltr'><strong>unde</strong></span> <span class='ocrx_word' id='word_1_102' title='bbox 664 2032 716 2088; x_wconf 90' lang='lat' dir='ltr'><strong>aut</strong></span> <span class='ocrx_word' id='word_1_103' title='bbox 740 2024 792 2108; x_wconf 94' lang='lat' dir='ltr'><strong>qui</strong></span> <span class='ocrx_word' id='word_1_104' title='bbox 817 2045 958 2087; x_wconf 86' lang='lat' dir='ltr'><strong>essemus</strong></span> <span class='ocrx_word' id='word_1_105' title='bbox 980 2023 1064 2088; x_wconf 89' lang='lat' dir='ltr'><strong>haud</strong></span> <span class='ocrx_word' id='word_1_106' title='bbox 1098 2023 1194 2088; x_wconf 90' lang='lat' dir='ltr'><strong>dubie</strong></span> <span class='ocrx_word' id='word_1_107' title='bbox 1229 2025 1435 2092; x_wconf 83' lang='lat' dir='ltr'><strong>credentibus</strong></span> 
     </span>
     <span class='ocr_line' id='line_1_16' title="bbox 333 2123 1427 2210; baseline 0.005 -24"><span class='ocrx_word' id='word_1_108' title='bbox 333 2124 549 2188; x_wconf 84' lang='lat' dir='ltr'><strong>indicavimus.</strong></span> <span class='ocrx_word' id='word_1_109' title='bbox 593 2123 657 2204; x_wconf 82' lang='lat' dir='ltr'><strong>Qui</strong></span> <span class='ocrx_word' id='word_1_110' title='bbox 681 2125 784 2188; x_wconf 91' lang='lat' dir='ltr'><strong>statim</strong></span> <span class='ocrx_word' id='word_1_111' title='bbox 808 2147 885 2210; x_wconf 91' lang='lat' dir='ltr'><strong>opes</strong></span> <span class='ocrx_word' id='word_1_112' title='bbox 908 2149 980 2189; x_wconf 88' lang='lat' dir='ltr'><strong>suas</strong></span> <span class='ocrx_word' id='word_1_113' title='bbox 1002 2148 1125 2189; x_wconf 90' lang='lat' dir='ltr'><strong>summo</strong></span> <span class='ocrx_word' id='word_1_114' title='bbox 1150 2147 1220 2190; x_wconf 90' lang='lat' dir='ltr'><strong>cum</strong></span> <span class='ocrx_word' id='word_1_115' title='bbox 1252 2127 1427 2192; x_wconf 88' lang='lat' dir='ltr'><strong>certamine</strong></span> 
     </span>
     <span class='ocr_line' id='line_1_17' title="bbox 332 2224 1431 2316; baseline 0.005 -28"><span class='ocrx_word' id='word_1_116' title='bbox 332 2227 364 2289; x_wconf 96' lang='lat' dir='ltr'><strong>in</strong></span> <span class='ocrx_word' id='word_1_117' title='bbox 375 2224 570 2310; x_wconf 87' lang='lat' dir='ltr'><strong>Eumolpum</strong></span> <span class='ocrx_word' id='word_1_118' title='bbox 594 2235 833 2316; x_wconf 80' lang='lat' dir='ltr'><strong>congesserunt.</strong></span> <span class='ocrx_word' id='word_1_119' title='bbox 890 2224 1042 2291; x_wconf 82' lang='lat' dir='ltr'><strong>Certatim</strong></span> <span class='ocrx_word' id='word_1_120' title='bbox 1066 2249 1176 2292; x_wconf 88' lang='lat' dir='ltr'><strong>omnes</strong></span> <span class='ocrx_word' id='word_1_121' title='bbox 1203 2227 1269 2290; x_wconf 90' lang='lat' dir='ltr'><strong>cius</strong></span> <span class='ocrx_word' id='word_1_122' title='bbox 1294 2228 1431 2312; x_wconf 82' lang='lat' dir='ltr'><strong>gratiam</strong></span> 
     </span>
     <span class='ocr_line' id='line_1_18' title="bbox 333 2326 1429 2409; baseline 0.004 -20"><span class='ocrx_word' id='word_1_123' title='bbox 333 2327 518 2392; x_wconf 90' lang='lat' dir='ltr'><strong>muneribus</strong></span> <span class='ocrx_word' id='word_1_124' title='bbox 547 2326 742 2391; x_wconf 73' lang='lat' dir='ltr'><strong>sollicitant‘.</strong></span> <span class='ocrx_word' id='word_1_125' title='bbox 796 2326 871 2391; x_wconf 89' lang='lat' dir='ltr'><strong>Post</strong></span> <span class='ocrx_word' id='word_1_126' title='bbox 893 2329 1026 2391; x_wconf 89' lang='lat' dir='ltr'><strong>verbum</strong></span> <span class='ocrx_word' id='word_1_127' title='bbox 1050 2327 1293 2409; x_wconf 74' lang='lat' dir='ltr'><strong>„indicavimus“</strong></span> <span class='ocrx_word' id='word_1_128' title='bbox 1315 2328 1348 2391; x_wconf 92' lang='lat' dir='ltr'><strong>in</strong></span> <span class='ocrx_word' id='word_1_129' title='bbox 1370 2351 1429 2393; x_wconf 86' lang='lat' dir='ltr'><strong>ex·</strong></span> 
     </span>
     <span class='ocr_line' id='line_1_19' title="bbox 335 2427 1434 2512; baseline 0.003 -21"><span class='ocrx_word' id='word_1_130' title='bbox 335 2437 516 2512; x_wconf 87' lang='lat' dir='ltr'><strong>carptorum</strong></span> <span class='ocrx_word' id='word_1_131' title='bbox 546 2427 635 2492; x_wconf 90' lang='lat' dir='ltr'><strong>libris</strong></span> <span class='ocrx_word' id='word_1_132' title='bbox 666 2437 841 2512; x_wconf 91' lang='lat' dir='ltr'><strong>sequuntur</strong></span> <span class='ocrx_word' id='word_1_133' title='bbox 870 2429 969 2491; x_wconf 80' lang='lat' dir='ltr'><strong>verba</strong></span> <span class='ocrx_word' id='word_1_134' title='bbox 1005 2427 1275 2509; x_wconf 79' lang='lat' dir='ltr'><strong>„Procedentibus</strong></span> <span class='ocrx_word' id='word_1_135' title='bbox 1306 2427 1434 2494; x_wconf 90' lang='lat' dir='ltr'><strong>deinde</strong></span> 
     </span>
     <span class='ocr_line' id='line_1_20' title="bbox 335 2527 1434 2614; baseline 0.004 -24"><span class='ocrx_word' id='word_1_136' title='bbox 335 2527 482 2612; x_wconf 85' lang='lat' dir='ltr'><strong>longias“</strong></span> <span class='ocrx_word' id='word_1_137' title='bbox 505 2550 532 2592; x_wconf 89' lang='lat' dir='ltr'><strong>e.</strong></span> <span class='ocrx_word' id='word_1_138' title='bbox 559 2551 588 2612; x_wconf 89' lang='lat' dir='ltr'><strong>q.</strong></span> <span class='ocrx_word' id='word_1_139' title='bbox 613 2553 638 2592; x_wconf 91' lang='lat' dir='ltr'><strong>s.</strong></span> <span class='ocrx_word' id='word_1_140' title='bbox 651 2551 730 2614; x_wconf 78' lang='lat' dir='ltr'><strong>cap.</strong></span> <span class='ocrx_word' id='word_1_141' title='bbox 755 2529 825 2609; x_wconf 77' lang='lat'><strong>126,</strong></span> <span class='ocrx_word' id='word_1_142' title='bbox 849 2528 899 2592; x_wconf 80' lang='lat'><strong>12.</strong></span> <span class='ocrx_word' id='word_1_143' title='bbox 938 2528 1005 2591; x_wconf 92' lang='lat' dir='ltr'><strong>Iam</strong></span> <span class='ocrx_word' id='word_1_144' title='bbox 1037 2528 1162 2613; x_wconf 86' lang='lat' dir='ltr'><strong>singula</strong></span> <span class='ocrx_word' id='word_1_145' title='bbox 1193 2549 1434 2613; x_wconf 87' lang='lat' dir='ltr'><strong>persequamur.</strong></span> 
     </span>
     <span class='ocr_line' id='line_1_21' title="bbox 335 2629 1431 2716; baseline 0.002 -23"><span class='ocrx_word' id='word_1_146' title='bbox 335 2629 476 2695; x_wconf 89' lang='lat' dir='ltr'><strong>Primum</strong></span> <span class='ocrx_word' id='word_1_147' title='bbox 498 2630 628 2694; x_wconf 88' lang='lat' dir='ltr'><strong>tolerari</strong></span> <span class='ocrx_word' id='word_1_148' title='bbox 659 2630 768 2714; x_wconf 90' lang='lat' dir='ltr'><strong>nequit</strong></span> <span class='ocrx_word' id='word_1_149' title='bbox 798 2629 879 2693; x_wconf 92' lang='lat' dir='ltr'><strong>illud</strong></span> <span class='ocrx_word' id='word_1_150' title='bbox 912 2652 1029 2716; x_wconf 80' lang='lat' dir='ltr'><strong>„parvo</strong></span> <span class='ocrx_word' id='word_1_151' title='bbox 1062 2629 1245 2695; x_wconf 89' lang='lat' dir='ltr'><strong>deversorio</strong></span> <span class='ocrx_word' id='word_1_152' title='bbox 1279 2630 1431 2711; x_wconf 82' lang='lat' dir='ltr'><strong>refect-i“;</strong></span> 
     </span>
     <span class='ocr_line' id='line_1_22' title="bbox 337 2728 1429 2817; baseline 0 -22"><span class='ocrx_word' id='word_1_153' title='bbox 337 2729 508 2795; x_wconf 89' lang='lat' dir='ltr'><strong>dicendum</strong></span> <span class='ocrx_word' id='word_1_154' title='bbox 534 2739 600 2795; x_wconf 89' lang='lat' dir='ltr'><strong>erat</strong></span> <span class='ocrx_word' id='word_1_155' title='bbox 630 2731 687 2813; x_wconf 81' lang='lat' dir='ltr'><strong>„in</strong></span> <span class='ocrx_word' id='word_1_156' title='bbox 718 2753 817 2817; x_wconf 89' lang='lat' dir='ltr'><strong>parvo</strong></span> <span class='ocrx_word' id='word_1_157' title='bbox 853 2731 1028 2816; x_wconf 87' lang='lat' dir='ltr'><strong>quodam</strong></span> <span class='ocrx_word' id='word_1_158' title='bbox 1065 2730 1280 2795; x_wconf 78' lang='lat' dir='ltr'><strong>deversorio“.</strong></span> <span class='ocrx_word' id='word_1_159' title='bbox 1323 2728 1429 2795; x_wconf 92' lang='lat' dir='ltr'><strong>Porro</strong></span> 
     </span>
     <span class='ocr_line' id='line_1_23' title="bbox 335 2831 1432 2919; baseline 0.001 -24"><span class='ocrx_word' id='word_1_160' title='bbox 335 2852 490 2918; x_wconf 91' lang='lat' dir='ltr'><strong>perquam</strong></span> <span class='ocrx_word' id='word_1_161' title='bbox 512 2832 644 2917; x_wconf 83' lang='lat' dir='ltr'><strong>languet</strong></span> <span class='ocrx_word' id='word_1_162' title='bbox 666 2833 755 2917; x_wconf 77' lang='lat' dir='ltr'><strong>„qui“</strong></span> <span class='ocrx_word' id='word_1_163' title='bbox 777 2854 958 2919; x_wconf 90' lang='lat' dir='ltr'><strong>pronomen</strong></span> <span class='ocrx_word' id='word_1_164' title='bbox 980 2871 1018 2882; x_wconf 94' lang='lat'><em>-</em></span> <span class='ocrx_word' id='word_1_165' title='bbox 1042 2832 1114 2917; x_wconf 79' lang='lat' dir='ltr'><strong>„qui</strong></span> <span class='ocrx_word' id='word_1_166' title='bbox 1134 2831 1254 2895; x_wconf 78' lang='lat' dir='ltr'><strong>statim“</strong></span> <span class='ocrx_word' id='word_1_167' title='bbox 1277 2867 1318 2880; x_wconf 89' lang='lat'>—</span> <span class='ocrx_word' id='word_1_168' title='bbox 1344 2831 1432 2914; x_wconf 92' lang='lat' dir='ltr'><strong>quod</strong></span> 
     </span>
     <span class='ocr_line' id='line_1_24' title="bbox 336 2930 1435 3012; baseline 0.001 -17"><span class='ocrx_word' id='word_1_169' title='bbox 336 2933 362 2995; x_wconf 92' lang='lat' dir='ltr'><strong>si</strong></span> <span class='ocrx_word' id='word_1_170' title='bbox 383 2935 532 3012; x_wconf 89' lang='lat' dir='ltr'><strong>abesset,</strong></span> <span class='ocrx_word' id='word_1_171' title='bbox 562 2932 661 2996; x_wconf 91' lang='lat' dir='ltr'><strong>multo</strong></span> <span class='ocrx_word' id='word_1_172' title='bbox 690 2932 805 2995; x_wconf 90' lang='lat' dir='ltr'><strong>melior</strong></span> <span class='ocrx_word' id='word_1_173' title='bbox 827 2931 978 2997; x_wconf 90' lang='lat' dir='ltr'><strong>evaderet</strong></span> <span class='ocrx_word' id='word_1_174' title='bbox 1000 2932 1108 2996; x_wconf 90' lang='lat' dir='ltr'><strong>oratio.</strong></span> <span class='ocrx_word' id='word_1_175' title='bbox 1150 2930 1217 2997; x_wconf 85' lang='lat' dir='ltr'><strong>Sed</strong></span> <span class='ocrx_word' id='word_1_176' title='bbox 1241 2930 1315 2995; x_wconf 90' lang='lat' dir='ltr'><strong>talia</strong></span> <span class='ocrx_word' id='word_1_177' title='bbox 1338 2931 1435 2996; x_wconf 88' lang='lat' dir='ltr'><strong>facile</strong></span> 
     </span>
     <span class='ocr_line' id='line_1_25' title="bbox 336 3029 1435 3118; baseline 0.002 -24"><span class='ocrx_word' id='word_1_178' title='bbox 336 3031 411 3096; x_wconf 87' lang='lat' dir='ltr'><strong>buia</strong></span> <span class='ocrx_word' id='word_1_179' title='bbox 430 3033 578 3118; x_wconf 90' lang='lat' dir='ltr'><strong>scriptori</strong></span> <span class='ocrx_word' id='word_1_180' title='bbox 600 3032 812 3115; x_wconf 86' lang='lat' dir='ltr'><strong>condonabis,</strong></span> <span class='ocrx_word' id='word_1_181' title='bbox 842 3033 896 3117; x_wconf 92' lang='lat' dir='ltr'><strong>qui</strong></span> <span class='ocrx_word' id='word_1_182' title='bbox 924 3035 963 3097; x_wconf 91' lang='lat' dir='ltr'><strong>ab</strong></span> <span class='ocrx_word' id='word_1_183' title='bbox 987 3033 1071 3098; x_wconf 91' lang='lat' dir='ltr'><strong>omni</strong></span> <span class='ocrx_word' id='word_1_184' title='bbox 1092 3029 1253 3097; x_wconf 90' lang='lat' dir='ltr'><strong>scribendi</strong></span> <span class='ocrx_word' id='word_1_185' title='bbox 1271 3030 1435 3116; x_wconf 82' lang='lat' dir='ltr'><strong>elegantia</strong></span> 
     </span>
     <span class='ocr_line' id='line_1_26' title="bbox 338 3130 1434 3219; baseline 0 -23"><span class='ocrx_word' id='word_1_186' title='bbox 338 3133 458 3198; x_wconf 86' lang='lat' dir='ltr'><strong>alienus</strong></span> <span class='ocrx_word' id='word_1_187' title='bbox 482 3133 616 3197; x_wconf 92' lang='lat' dir='ltr'><strong>tironem</strong></span> <span class='ocrx_word' id='word_1_188' title='bbox 640 3155 674 3197; x_wconf 89' lang='lat' dir='ltr'><strong>se</strong></span> <span class='ocrx_word' id='word_1_189' title='bbox 705 3133 812 3218; x_wconf 87' lang='lat' dir='ltr'><strong>prodit</strong></span> <span class='ocrx_word' id='word_1_190' title='bbox 841 3133 874 3197; x_wconf 92' lang='lat' dir='ltr'><strong>in</strong></span> <span class='ocrx_word' id='word_1_191' title='bbox 895 3135 1056 3199; x_wconf 88' lang='lat' dir='ltr'><strong>narrando</strong></span> <span class='ocrx_word' id='word_1_192' title='bbox 1077 3155 1191 3219; x_wconf 89' lang='lat' dir='ltr'><strong>parum</strong></span> <span class='ocrx_word' id='word_1_193' title='bbox 1213 3130 1434 3196; x_wconf 86' lang='lat' dir='ltr'><strong>exercitatum.</strong></span> 
     </span>
     <span class='ocr_line' id='line_1_27' title="bbox 338 3230 1435 3319; baseline -0.004 -20"><span class='ocrx_word' id='word_1_194' title='bbox 338 3231 447 3319; x_wconf 77' lang='lat' dir='ltr'><strong>„Opes</strong></span> <span class='ocrx_word' id='word_1_195' title='bbox 469 3239 568 3314; x_wconf 79' lang='lat' dir='ltr'><strong>suas“‚</strong></span> <span class='ocrx_word' id='word_1_196' title='bbox 591 3233 701 3318; x_wconf 89' lang='lat' dir='ltr'><strong>inquit,</strong></span> <span class='ocrx_word' id='word_1_197' title='bbox 725 3257 867 3316; x_wconf 75' lang='lat' dir='ltr'><strong>„summo</strong></span> <span class='ocrx_word' id='word_1_198' title='bbox 891 3257 961 3298; x_wconf 89' lang='lat' dir='ltr'><strong>cum</strong></span> <span class='ocrx_word' id='word_1_199' title='bbox 985 3233 1155 3298; x_wconf 89' lang='lat' dir='ltr'><strong>cartamine</strong></span> <span class='ocrx_word' id='word_1_200' title='bbox 1184 3232 1217 3295; x_wconf 90' lang='lat' dir='ltr'><strong>in</strong></span> <span class='ocrx_word' id='word_1_201' title='bbox 1237 3230 1435 3316; x_wconf 92' lang='lat' dir='ltr'><strong>Eumolpum</strong></span> 
     </span>
     <span class='ocr_line' id='line_1_28' title="bbox 339 3332 1435 3421; baseline -0.003 -21"><span class='ocrx_word' id='word_1_202' title='bbox 339 3340 595 3421; x_wconf 75' lang='lat' dir='ltr'><strong>congesserunt‘.</strong></span> <span class='ocrx_word' id='word_1_203' title='bbox 643 3333 710 3398; x_wconf 90' lang='lat' dir='ltr'><strong>Iam</strong></span> <span class='ocrx_word' id='word_1_204' title='bbox 739 3335 813 3398; x_wconf 90' lang='lat' dir='ltr'><strong>vide</strong></span> <span class='ocrx_word' id='word_1_205' title='bbox 850 3356 943 3420; x_wconf 91' lang='lat' dir='ltr'><strong>quam</strong></span> <span class='ocrx_word' id='word_1_206' title='bbox 978 3334 1098 3420; x_wconf 85' lang='lat' dir='ltr'><strong>frigide</strong></span> <span class='ocrx_word' id='word_1_207' title='bbox 1126 3334 1205 3398; x_wconf 87' lang='lat' dir='ltr'><strong>haec</strong></span> <span class='ocrx_word' id='word_1_208' title='bbox 1236 3332 1435 3398; x_wconf 84' lang='lat' dir='ltr'><strong>adiciantur:</strong></span> 
     </span>
    </p>
   </div>
   <div class='ocr_carea' id='block_1_3' title="bbox 339 3526 536 3535">
    <p class='ocr_par' dir='ltr' id='par_1_4' title="bbox 339 3526 536 3535">
     <span class='ocr_line' id='line_1_29' title="bbox 339 3526 536 3535; baseline -0.005 0"><span class='ocrx_word' id='word_1_209' title='bbox 339 3526 536 3535; x_wconf 75' lang='lat'><strong>---.-..—..--</strong></span> 
     </span>
    </p>
   </div>
   <div class='ocr_carea' id='block_1_4' title="bbox 339 3630 1441 4513">
    <p class='ocr_par' dir='ltr' id='par_1_5' title="bbox 339 3630 1441 4513">
     <span class='ocr_line' id='line_1_30' title="bbox 375 3630 1438 3716; baseline -0.003 -15"><span class='ocrx_word' id='word_1_210' title='bbox 375 3649 402 3715; x_wconf 78' lang='lat'><strong>1)</strong></span> <span class='ocrx_word' id='word_1_211' title='bbox 421 3646 515 3714; x_wconf 83' lang='lat' dir='ltr'><strong>Verba,</strong></span> <span class='ocrx_word' id='word_1_212' title='bbox 537 3664 606 3715; x_wconf 88' lang='lat' dir='ltr'><strong>quac</strong></span> <span class='ocrx_word' id='word_1_213' title='bbox 622 3647 685 3699; x_wconf 90' lang='lat' dir='ltr'><strong>huic</strong></span> <span class='ocrx_word' id='word_1_214' title='bbox 707 3650 819 3700; x_wconf 84' lang='lat' dir='ltr'><strong>carmini</strong></span> <span class='ocrx_word' id='word_1_215' title='bbox 831 3649 995 3716; x_wconf 84' lang='lat' dir='ltr'><strong>praecedunt</strong></span> <span class='ocrx_word' id='word_1_216' title='bbox 1014 3630 1181 3714; x_wconf 76' lang='lat' dir='ltr'><strong>cap.118‚1</strong></span> <span class='ocrx_word' id='word_1_217' title='bbox 1201 3645 1324 3710; x_wconf 70' lang='lat' dir='ltr'><strong>„llultoa</strong></span> <span class='ocrx_word' id='word_1_218' title='bbox 1344 3647 1438 3715; x_wconf 86' lang='lat' dir='ltr'><strong>inquit</strong></span> 
     </span>
     <span class='ocr_line' id='line_1_31' title="bbox 339 3734 1437 3803; baseline -0.002 -14"><span class='ocrx_word' id='word_1_219' title='bbox 339 3735 501 3803; x_wconf 87' lang='lat' dir='ltr'><strong>Eumolpus,</strong></span> <span class='ocrx_word' id='word_1_220' title='bbox 524 3752 539 3787; x_wconf 93' lang='lat' dir='ltr'><strong>o</strong></span> <span class='ocrx_word' id='word_1_221' title='bbox 559 3739 685 3801; x_wconf 86' lang='lat' dir='ltr'><strong>iuvenes,</strong></span> <span class='ocrx_word' id='word_1_222' title='bbox 707 3753 811 3789; x_wconf 84' lang='lat' dir='ltr'><strong>carmen</strong></span> <span class='ocrx_word' id='word_1_223' title='bbox 829 3736 952 3802; x_wconf 85' lang='lat' dir='ltr'><strong>decepit“</strong></span> <span class='ocrx_word' id='word_1_224' title='bbox 971 3734 1073 3787; x_wconf 86' lang='lat' dir='ltr'><strong>turbata</strong></span> <span class='ocrx_word' id='word_1_225' title='bbox 1103 3750 1161 3785; x_wconf 87' lang='lat' dir='ltr'><strong>esse</strong></span> <span class='ocrx_word' id='word_1_226' title='bbox 1186 3736 1280 3785; x_wconf 87' lang='lat' dir='ltr'><strong>merito</strong></span> <span class='ocrx_word' id='word_1_227' title='bbox 1303 3734 1365 3786; x_wconf 86' lang='lat' dir='ltr'><strong>iada</strong></span> <span class='ocrx_word' id='word_1_228' title='bbox 1383 3750 1437 3787; x_wconf 84' lang='lat' dir='ltr'><strong>su-</strong></span> 
     </span>
     <span class='ocr_line' id='line_1_32' title="bbox 340 3822 1438 3893; baseline 0 -16"><span class='ocrx_word' id='word_1_229' title='bbox 340 3827 462 3893; x_wconf 85' lang='lat' dir='ltr'><strong>spiceris,</strong></span> <span class='ocrx_word' id='word_1_230' title='bbox 487 3826 559 3892; x_wconf 90' lang='lat' dir='ltr'><strong>qnod</strong></span> <span class='ocrx_word' id='word_1_231' title='bbox 580 3831 671 3888; x_wconf 84' lang='lat' dir='ltr'><strong>„vetas</strong></span> <span class='ocrx_word' id='word_1_232' title='bbox 692 3826 803 3889; x_wconf 82' lang='lat' dir='ltr'><strong>codex“,</strong></span> <span class='ocrx_word' id='word_1_233' title='bbox 825 3839 852 3876; x_wconf 79' lang='lat' dir='ltr'><strong>ut</strong></span> <span class='ocrx_word' id='word_1_234' title='bbox 872 3824 963 3877; x_wconf 82' lang='lat' dir='ltr'><strong>Petrus</strong></span> <span class='ocrx_word' id='word_1_235' title='bbox 977 3823 1072 3876; x_wconf 88' lang='lat' dir='ltr'><strong>Daniel</strong></span> <span class='ocrx_word' id='word_1_236' title='bbox 1092 3829 1189 3887; x_wconf 89' lang='lat' dir='ltr'><strong>narrat,</strong></span> <span class='ocrx_word' id='word_1_237' title='bbox 1212 3822 1278 3874; x_wconf 90' lang='lat' dir='ltr'><strong>hanc</strong></span> <span class='ocrx_word' id='word_1_238' title='bbox 1299 3824 1438 3892; x_wconf 74' lang='lat' dir='ltr'><strong>insignem</strong></span> 
     </span>
     <span class='ocr_line' id='line_1_33' title="bbox 340 3910 1438 3980; baseline -0.003 -13"><span class='ocrx_word' id='word_1_239' title='bbox 340 3915 545 3980; x_wconf 84' lang='lat' dir='ltr'><strong>discrepantiam</strong></span> <span class='ocrx_word' id='word_1_240' title='bbox 566 3913 661 3965; x_wconf 87' lang='lat' dir='ltr'><strong>babet:</strong></span> <span class='ocrx_word' id='word_1_241' title='bbox 694 3915 876 3979; x_wconf 88' lang='lat' dir='ltr'><strong>„nimirum</strong></span> <span class='ocrx_word' id='word_1_242' title='bbox 903 3912 1034 3964; x_wconf 87' lang='lat' dir='ltr'><strong>carmen“.</strong></span> <span class='ocrx_word' id='word_1_243' title='bbox 1074 3910 1202 3978; x_wconf 76' lang='lat' dir='ltr'><strong>Agnosco</strong></span> <span class='ocrx_word' id='word_1_244' title='bbox 1234 3912 1438 3964; x_wconf 84' lang='lat' dir='ltr'><strong>adnotationem</strong></span> 
     </span>
     <span class='ocr_line' id='line_1_34' title="bbox 341 3999 1439 4070; baseline -0.002 -16"><span class='ocrx_word' id='word_1_245' title='bbox 341 4001 456 4066; x_wconf 86' lang='lat' dir='ltr'><strong>librarii,</strong></span> <span class='ocrx_word' id='word_1_246' title='bbox 476 4005 521 4070; x_wconf 87' lang='lat' dir='ltr'><strong>qui</strong></span> <span class='ocrx_word' id='word_1_247' title='bbox 542 4009 680 4070; x_wconf 86' lang='lat' dir='ltr'><strong>postquam</strong></span> <span class='ocrx_word' id='word_1_248' title='bbox 700 4009 760 4054; x_wconf 90' lang='lat' dir='ltr'><strong>ante</strong></span> <span class='ocrx_word' id='word_1_249' title='bbox 782 4001 848 4053; x_wconf 89' lang='lat' dir='ltr'><strong>haec</strong></span> <span class='ocrx_word' id='word_1_250' title='bbox 869 4002 953 4054; x_wconf 86' lang='lat' dir='ltr'><strong>verba</strong></span> <span class='ocrx_word' id='word_1_251' title='bbox 971 3999 1103 4053; x_wconf 88' lang='lat' dir='ltr'><strong>nonnulla</strong></span> <span class='ocrx_word' id='word_1_252' title='bbox 1121 4000 1211 4049; x_wconf 87' lang='lat' dir='ltr'><strong>omisit</strong></span> <span class='ocrx_word' id='word_1_253' title='bbox 1231 4025 1265 4035; x_wconf 91' lang='lat'>-</span> <span class='ocrx_word' id='word_1_254' title='bbox 1283 4006 1363 4067; x_wconf 90' lang='lat' dir='ltr'><strong>atque</strong></span> <span class='ocrx_word' id='word_1_255' title='bbox 1382 3999 1439 4053; x_wconf 92' lang='lat' dir='ltr'><strong>hoc</strong></span> 
     </span>
     <span class='ocr_line' id='line_1_35' title="bbox 345 4087 1441 4160; baseline -0.001 -19"><span class='ocrx_word' id='word_1_256' title='bbox 345 4091 452 4160; x_wconf 88' lang='lat' dir='ltr'><strong>quidem</strong></span> <span class='ocrx_word' id='word_1_257' title='bbox 473 4091 564 4142; x_wconf 85' lang='lat' dir='ltr'><strong>vitium</strong></span> <span class='ocrx_word' id='word_1_258' title='bbox 586 4090 647 4142; x_wconf 89' lang='lat' dir='ltr'><strong>luce</strong></span> <span class='ocrx_word' id='word_1_259' title='bbox 667 4090 767 4142; x_wconf 84' lang='lat' dir='ltr'><strong>clarius</strong></span> <span class='ocrx_word' id='word_1_260' title='bbox 787 4097 827 4142; x_wconf 88' lang='lat' dir='ltr'><strong>cst</strong></span> <span class='ocrx_word' id='word_1_261' title='bbox 846 4098 871 4143; x_wconf 91' lang='lat' dir='ltr'><strong>et</strong></span> <span class='ocrx_word' id='word_1_262' title='bbox 889 4090 956 4142; x_wconf 88' lang='lat' dir='ltr'><strong>male</strong></span> <span class='ocrx_word' id='word_1_263' title='bbox 977 4088 1215 4156; x_wconf 85' lang='lat' dir='ltr'><strong>obtegiturncscio</strong></span> <span class='ocrx_word' id='word_1_264' title='bbox 1236 4088 1311 4138; x_wconf 83' lang='lat' dir='ltr'><strong>cuius</strong></span> <span class='ocrx_word' id='word_1_265' title='bbox 1325 4087 1441 4140; x_wconf 81' lang='lat' dir='ltr'><strong>editoris</strong></span> 
     </span>
     <span class='ocr_line' id='line_1_36' title="bbox 343 4176 1440 4249; baseline -0.005 -16"><span class='ocrx_word' id='word_1_266' title='bbox 343 4184 434 4249; x_wconf 89' lang='lat' dir='ltr'><strong>inepto</strong></span> <span class='ocrx_word' id='word_1_267' title='bbox 456 4182 646 4246; x_wconf 76' lang='lat' dir='ltr'><strong>additamento,</strong></span> <span class='ocrx_word' id='word_1_268' title='bbox 665 4182 700 4233; x_wconf 84' lang='lat' dir='ltr'><strong>ol.</strong></span> <span class='ocrx_word' id='word_1_269' title='bbox 719 4181 861 4233; x_wconf 87' lang='lat' dir='ltr'><strong>Burmann.</strong></span> <span class='ocrx_word' id='word_1_270' title='bbox 881 4181 913 4232; x_wconf 87' lang='lat' dir='ltr'><strong>ad</strong></span> <span class='ocrx_word' id='word_1_271' title='bbox 933 4196 992 4247; x_wconf 86' lang='lat' dir='ltr'><strong>cap.</strong></span> <span class='ocrx_word' id='word_1_272' title='bbox 1011 4176 1064 4230; x_wconf 85' lang='lat'><strong>113</strong></span> <span class='ocrx_word' id='word_1_273' title='bbox 1082 4201 1117 4214; x_wconf 89' lang='lat'><strong>·-</strong></span> <span class='ocrx_word' id='word_1_274' title='bbox 1136 4183 1244 4227; x_wconf 85' lang='lat' dir='ltr'><strong>coaetus</strong></span> <span class='ocrx_word' id='word_1_275' title='bbox 1264 4183 1328 4240; x_wconf 85' lang='lat' dir='ltr'><strong>erat,</strong></span> <span class='ocrx_word' id='word_1_276' title='bbox 1349 4191 1440 4228; x_wconf 85' lang='lat' dir='ltr'><strong>euan-</strong></span> 
     </span>
     <span class='ocr_line' id='line_1_37' title="bbox 343 4267 1440 4337; baseline 0 -17"><span class='ocrx_word' id='word_1_277' title='bbox 343 4272 405 4321; x_wconf 88' lang='lat' dir='ltr'><strong>ciati</strong></span> <span class='ocrx_word' id='word_1_278' title='bbox 427 4268 574 4321; x_wconf 87' lang='lat' dir='ltr'><strong>subiectum</strong></span> <span class='ocrx_word' id='word_1_279' title='bbox 593 4270 731 4337; x_wconf 85' lang='lat' dir='ltr'><strong>„carmen“</strong></span> <span class='ocrx_word' id='word_1_280' title='bbox 754 4273 870 4324; x_wconf 88' lang='lat' dir='ltr'><strong>adicere.</strong></span> <span class='ocrx_word' id='word_1_281' title='bbox 907 4270 982 4325; x_wconf 91' lang='lat' dir='ltr'><strong>Unde</strong></span> <span class='ocrx_word' id='word_1_282' title='bbox 997 4270 1152 4322; x_wconf 83' lang='lat' dir='ltr'><strong>coniectura</strong></span> <span class='ocrx_word' id='word_1_283' title='bbox 1172 4268 1237 4319; x_wconf 85' lang='lat' dir='ltr'><strong>mibi</strong></span> <span class='ocrx_word' id='word_1_284' title='bbox 1266 4267 1440 4320; x_wconf 86' lang='lat' dir='ltr'><strong>subnascitur</strong></span> 
     </span>
     <span class='ocr_line' id='line_1_38' title="bbox 344 4357 1438 4427; baseline -0.001 -18"><span class='ocrx_word' id='word_1_285' title='bbox 344 4360 421 4410; x_wconf 84' lang='lat' dir='ltr'><strong>etiam</strong></span> <span class='ocrx_word' id='word_1_286' title='bbox 444 4357 525 4409; x_wconf 86' lang='lat' dir='ltr'><strong>verba</strong></span> <span class='ocrx_word' id='word_1_287' title='bbox 545 4360 647 4427; x_wconf 89' lang='lat' dir='ltr'><strong>„inquit</strong></span> <span class='ocrx_word' id='word_1_288' title='bbox 659 4358 821 4427; x_wconf 85' lang='lat' dir='ltr'><strong>Eumolpus“</strong></span> <span class='ocrx_word' id='word_1_289' title='bbox 842 4361 874 4412; x_wconf 89' lang='lat' dir='ltr'><strong>ad</strong></span> <span class='ocrx_word' id='word_1_290' title='bbox 888 4358 1085 4412; x_wconf 83' lang='lat' dir='ltr'><strong>resarciendum</strong></span> <span class='ocrx_word' id='word_1_291' title='bbox 1103 4357 1292 4408; x_wconf 84' lang='lat' dir='ltr'><strong>sententiarum</strong></span> <span class='ocrx_word' id='word_1_292' title='bbox 1305 4370 1438 4408; x_wconf 84' lang='lat' dir='ltr'><strong>conexum</strong></span> 
     </span>
     <span class='ocr_line' id='line_1_39' title="bbox 344 4447 568 4513; baseline 0 -14"><span class='ocrx_word' id='word_1_293' title='bbox 344 4447 479 4513; x_wconf 85' lang='lat' dir='ltr'><strong>adscripta</strong></span> <span class='ocrx_word' id='word_1_294' title='bbox 501 4463 568 4499; x_wconf 81' lang='lat' dir='ltr'><strong>esse.</strong></span> 
     </span>
    </p>
   </div>
   <div class='ocr_carea' id='block_1_5' title="bbox 0 0 1796 5292">
    <p class='ocr_par' dir='ltr' id='par_1_6' title="bbox 0 0 1796 5292">
     <span class='ocr_line' id='line_1_40' title="bbox 0 0 1796 5292; baseline 0 0"><span class='ocrx_word' id='word_1_295' title='bbox 0 0 1796 5292; x_wconf 95' lang='lat' dir='ltr'><strong> </strong></span> 
     </span>
    </p>
   </div>
  </div>
 </body>
</html>
