3542 5292
919 544 962 608 30

389 721 494 809 primo
516 724 627 787 obtutu
649 721 783 786 eluceat.
809 723 902 803 Quae
925 745 996 787 cum
1019 722 1118 787 altera
1141 745 1221 810 quae
1243 725 1348 791 lenius
1365 729 1496 812 quidem

377 822 513 909 ‚restitui
544 823 646 910 possit
680 822 902 887 conlocatione
931 823 1062 903 ,cervi
1091 824 1166 912 ofila
1189 824 1333 889 collaris“
1358 849 1495 914 prorsus

389 924 460 989 fere
483 932 660 1005 evanescat,
682 923 803 989 iniuria
825 922 1002 988 litterarum
1026 922 1139 988 ductus
1161 946 1337 1010 premeres.

430 1024 504 1089 Non
525 1025 631 1089 minus
654 1033 806 1111 corrupta
826 1024 973 1088 feruntur
994 1024 1058 1095 duo
1080 1025 1227 1110 proxima
1251 1026 1360 1112 capita,
1375 1027 1494 1111 quibus

389 1125 494 1190 liberti
524 1125 690 1189 cuiusdam
711 1126 809 1190 oratio
832 1124 959 1210 insigne
984 1125 1141 1189 sermonis
1162 1124 1270 1190 rustici
1304 1127 1493 1212 exemplum

390 1225 577 1290 continetur.
621 1224 653 1290 Is
683 1234 852 1312 postquam
888 1225 920 1288 in
945 1223 1096 1292 Gitonem
1124 1247 1263 1311 puerum
1292 1227 1491 1312 petulantem

388 1326 599 1390 vehementer
626 1325 773 1390 invectus
798 1333 868 1406 est,
901 1326 1054 1412 magistro
1079 1325 1168 1406 eius,
1203 1349 1298 1411 quem
1320 1350 1391 1392 cum
1415 1351 1491 1392 con·

388 1434 511 1510 temptu
533 1434 759 1492 commemorat
779 1449 872 1491 suum
892 1427 1080 1512 magistrum
1110 1427 1252 1514 opponit,
1280 1427 1369 1492 cuius
1391 1430 1492 1494 bone-

388 1528 460 1592 ficio
482 1549 518 1592 se
540 1525 689 1592 didicisse
712 1526 875 1613 praedicat
898 1526 1016 1592 decore
1038 1536 1133 1612 atque
1154 1528 1289 1591 honeste
1305 1550 1341 1592 se
1363 1550 1492 1613 gerere.
1574 1606 1580 1612 ¹

388 1628 457 1696 Sed
490 1627 561 1714 ipsa
595 1629 663 1692 eius
695 1630 794 1693 verba
824 1627 1001 1693 adscribam
1036 1651 1104 1714 cap.
1127 1628 1186 1708 58,
1213 1629 1252 1712 14
1273 1628 1491 1709 ,Didicimusz

389 1728 529 1793 dicebat:
563 1729 657 1809 enim,
685 1728 848 1814 magister.
872 1738 947 1793 sunt
966 1738 1074 1794 vestra
1105 1728 1191 1792 salva
1223 1738 1332 1794 recta:
1356 1729 1489 1793 domum

389 1851 474 1894 eave.
497 1829 740 1915 circumspicias.
774 1851 849 1894 cave
880 1831 1033 1894 maiorem
1067 1829 1246 1893 maledicas.
1280 1839 1334 1894 aut
1355 1851 1493 1920 numera

388 1931 555 2018 mappalia.
579 1952 673 1995 nemo
700 1930 855 2017 dupondii
879 1932 994 1996 evadit.
1038 1953 1101 2016 ego
1125 1930 1211 2016 quod
1239 1952 1290 1994 mc
1320 1929 1364 1994 sic
1398 1930 1492 1995 vides

387 2040 520 2118 propter
554 2030 721 2096 artificium
744 2054 853 2097 meum
867 2080 877 2112 ,
907 2031 967 2096 diis
997 2031 1113 2116 gratias
1145 2037 1234 2116 ago“.
1277 2030 1490 2117 Perspicuum

387 2142 436 2197 est
460 2133 509 2197 his
533 2133 649 2213 verbis,
674 2155 753 2218 quae
777 2134 882 2219 qualia
902 2132 1104 2220 Traguriano
1131 2130 1313 2216 produntur
1345 2130 1490 2213 exhibui,
1537 2147 1548 2154 ·

387 2232 618 2298 admonitiones
641 2232 758 2314 inesse,
786 2235 901 2319 quibus
924 2234 1069 2320 discipuli
1088 2254 1106 2298 e
1127 2231 1236 2296 schola
1261 2230 1389 2295 domum
1413 2235 1490 2298 abe·

388 2341 481 2397 untes
506 2335 696 2419 amagistro
720 2333 928 2399 dimittuntur.
961 2333 1017 2400 'Ut
1048 2355 1125 2397 vero
1148 2331 1210 2394 alia
1240 2331 1491 2417 praetermittam
1560 2315 1567 2329 ’

389 2435 466 2520 quid
490 2434 549 2500 sibi
573 2434 674 2500 velint
702 2438 799 2501 verba
827 2444 899 2516 ,aut
920 2457 1054 2499 numera
1079 2432 1231 2520 mapalia“
1265 2452 1360 2495 nemo
1394 2432 1490 2498 facile

389 2534 551 2621 expediat.
595 2536 647 2599 Ae
668 2557 781 2622 parum
803 2535 942 2599 feliciter
963 2534 1092 2621 quidem
1115 2532 1303 2600 Schefferus
1334 2530 1489 2630 coniecit:

384 2635 422 2715 ,h
436 2635 516 2698 aud
546 2656 679 2698 numera
708 2635 858 2721 mapalia“
878 2636 939 2700 hac
959 2635 1066 2699 addita
1088 2634 1322 2722 explicatione:
1343 2655 1400 2714 ,ne
1424 2635 1489 2698 sin-

385 2735 478 2819 gulas
513 2736 668 2821 pergulas
700 2735 733 2798 in
764 2736 814 2798 via
846 2736 985 2822 inspice,
1019 2736 1108 2799 velut
1139 2756 1309 2799 numerum
1342 2735 1485 2799 omnium

385 2835 521 2901 deberes
545 2834 651 2898 inire“.
695 2834 785 2900 Haec
810 2835 893 2900 enim
921 2835 1077 2900 sententia
1107 2835 1180 2899 satis
1202 2831 1310 2921 inepta
1332 2857 1374 2899 ne
1396 2845 1488 2900 recte

384 2935 514 3022 quidem
538 2957 692 3022 expressa
715 2943 762 2999 est
773 2982 789 3017 ,4
811 2959 881 3000 cum
900 2936 1020 3016 ,haud“
1039 2935 1197 3023 particula
1215 2957 1389 3023 perperam
1414 2959 1490 3000 cum

383 3035 571 3122 imperativo
594 3034 815 3120 coniungatur.
838 3036 877 3099 cf.
900 3035 1065 3101 Ritschelii
1087 3036 1196 3099 sched.
1218 3036 1315 3100 critic.
1339 3057 1371 3122 p.
1395 3038 1444 3099 17.

424 3135 491 3199 Iam
514 3135 546 3198 in
568 3134 617 3199 his
637 3135 744 3200 verbis
766 3134 974 3199 emendandis
995 3159 1013 3198 a
1034 3157 1115 3200 voce
1128 3135 1290 3223 ,mapale“
1311 3136 1491 3201 accuratius

385 3233 622 3320 interpretanda
644 3234 848 3320 progrediar.
893 3235 987 3315 Quae
1010 3235 1181 3319 quideme
1204 3235 1490 3301 sermonePunico

383 3335 563 3399 aRomanis
586 3335 755 3421 desumpta
778 3343 826 3398 est
851 3358 888 3399 nc
905 3343 1034 3421 praeter
1053 3335 1198 3398 usitatam
1220 3335 1489 3419 significationem

383 3436 562 3522 ‘pergulae’
577 3434 630 3499 vel
644 3436 785 3521 ‘tugurii’
802 3434 894 3499 etiam
905 3436 1054 3500 translata
1070 3435 1111 3499 de
1126 3434 1274 3522 ineptiis,
1295 3434 1489 3520 quisquiliis'

383 3543 565 3622 usurpatur.
593 3535 697 3599 Huius
719 3559 796 3600 usus
820 3535 993 3621 egregium
1018 3535 1204 3622 exemplum
1227 3537 1315 3622 apud
1325 3535 1486 3603 Senecam

293 3649 296 3655 '
381 3635 512 3722 repperi
543 3634 576 3699 in
607 3635 684 3701 ludo
709 3635 751 3700 de
772 3645 876 3700 morte
907 3635 1044 3715 Claudii,
1069 3656 1152 3720 quae
1171 3644 1277 3699 satura
1298 3633 1330 3698 in
1354 3634 1485 3699 dicendi

384 3756 509 3820 genere
529 3736 629 3800 multa
659 3759 731 3800 cum
754 3735 905 3800 Petronio
940 3735 1119 3799 communia
1149 3735 1252 3800 habet.
1306 3734 1353 3798 lbi
1384 3733 1494 3822 igitur,

382 3833 504 3922 Iupiter
537 3835 626 3916 deos,
662 3838 714 3921 qui
735 3834 906 3902 Claudium
937 3835 1091 3921 'neglecta
1120 3857 1200 3920 quae
1235 3833 1281 3899 eis
1316 3833 1489 3900 commissa

381 3945 449 4000 erat
473 3935 658 4021 quaestione
687 3935 761 4000 satis
783 3936 966 4022 petulanter
988 3934 1127 4000 ludibrio
1149 3936 1277 4015 habent,
1300 3934 1350 3998 his
1371 3934 1486 4000 verbis

380 4037 524 4122 increpat
565 4038 703 4122 capse:
748 4035 862 4122 ,Ego,
901 4082 909 4098 .
941 4083 948 4097 .
985 4085 992 4099 .
1024 4036 1058 4098 P.
1083 4033 1119 4100 C.
1154 4035 1355 4120 interrogare
1388 4034 1486 4101 vobis

380 4137 601 4224 permiseram,
623 4160 699 4200 vos
722 4158 833 4201 mera
856 4135 1045 4223 mapalia
1065 4135 1258 4199 fecistis.
1302 4134 1388 4198 Volo
1408 4155 1485 4199 ser-

381 4238 462 4302 vetis
494 4237 693 4323 disciplinam
727 4237 859 4301 curiae“.
908 4236 1082 4301 Adcedunt
1116 4256 1198 4321 qnae
1231 4233 1317 4321 apud
1351 4232 1486 4298 Festum

381 4363 405 4403 s.
431 4363 459 4402 v.
480 4339 649 4426 ,mapalia“
673 4339 847 4424 leguntur,
883 4337 938 4401 ubi
960 4337 1012 4401 hic
1035 4335 1180 4403 Senecae
1202 4337 1292 4400 locus
1313 4357 1377 4398 non
1399 4335 1488 4418 fugit

381 4439 604 4525 Scaligerum:
625 4439 777 4527 ,Mapalia
797 4459 889 4502 casae
900 4437 1059 4502 Poenicae
1080 4437 1295 4524 appellantur,
1319 4434 1352 4498 in
1366 4432 1485 4518 quibus
