3542 5292
1039 506 1060 553 Ο

831 499 923 604 ¹10

346 706 522 784 emitteret.
567 721 677 805 ltaque
703 722 996 786 commentariolum
1018 721 1108 784 illum
1136 720 1279 806 scripsit,
1304 743 1365 805 quo
1384 720 1447 806 pri-

352 842 438 884 mum
462 823 592 886 fortasse
615 822 803 887 eruditionis
823 823 1046 887 documentum
1070 821 1167 885 dedit.
1199 821 1273 908 lpse
1308 822 1446 885 enimin

351 921 546 1005 praefatione
571 921 715 986 editionis
739 946 814 987 suae
825 933 939 1004 narrat,
956 946 991 986 se
1005 932 1101 1002 „ante
1118 923 1237 1007 aliquot
1250 946 1348 988 annos
1365 923 1447 986 iuter

352 1021 502 1086 tremulas
535 1023 638 1087 adbuc
669 1023 903 1088 adolescentiae
940 1023 1227 1088 lucubratiunculas
1267 1047 1441 1111 suppresso

351 1122 504 1186 nomine“
525 1121 709 1186 Petronium
733 1123 881 1189 edidisse.
924 1124 989 1187 lam
1012 1146 1089 1188 vero
1114 1147 1184 1188 cum
1207 1123 1354 1205 Ebertus,
1371 1126 1444 1190 Bib-

353 1222 510 1308 liograph.
540 1221 648 1288 Lexic.
677 1223 708 1286 ll
733 1247 763 1309 p.
786 1225 845 1288 371
896 1223 1037 1288 Petronii
1069 1224 1241 1288 editionem
1283 1227 1444 1310 quandam

353 1323 486 1403 referat,
519 1324 606 1388 cuius
631 1324 682 1388 hio
703 1325 809 1389 titulus
835 1334 897 1388 est:
919 1325 1082 1406 „Petronii
1104 1325 1263 1409 satyricon
1286 1326 1446 1390 eiusdem·

356 1446 417 1507 que
440 1425 619 1509 fragmenta
647 1425 803 1488 illustrata
829 1425 889 1489 hac
916 1447 999 1488 nova
1024 1425 1163 1489 editione
1186 1425 1218 1492 J.
1247 1426 1446 1490 Bourdelotii

354 1523 435 1587 notis
457 1525 570 1589 criticis
595 1534 626 1588 ct
647 1525 802 1609 glossario
824 1525 1027 1589 Petroniana.
1067 1525 1193 1590 Edcnte
1214 1525 1267 1589 Di.
1291 1525 1325 1592 S.
1349 1526 1383 1592 S.
1408 1525 1443 1589 L.

288 1633 291 1640 '
353 1622 390 1687 Β.
413 1623 524 1689 Justus
554 1624 662 1690 Livius
692 1627 805 1706 1645‘3
835 1648 929 1690 nemo
966 1636 1042 1712 puto
1079 1626 1249 1707 dubitabit,
1283 1627 1358 1710 quin
1389 1631 1447 1720 sub

355 1725 429 1788 ficto
451 1724 507 1789 illo
539 1726 667 1789 nomine
687 1726 800 1790 litteris
827 1736 947 1790 tantum
978 1727 1155 1811 significato
1177 1726 1340 1811 Rutgerus
1362 1727 1445 1791 Her·
1528 1800 1530 1804 ἱ

354 1827 518 1890 mannidcs
540 1826 642 1891 lateat.
688 1825 838 1892 Ceterum
861 1827 941 1890 nibil
962 1836 1025 1907 est,
1060 1828 1144 1915 quod
1175 1828 1319 1891 fraudem
1354 1829 1446 1892 illum

354 1948 453 2010 agere
475 1927 615 1992 voluisse
637 1929 818 2014 suspiceris,
840 1929 936 1992 immo
961 1930 1079 2015 optima
1097 1929 1162 1992 fide
1188 1929 1332 1992 libellum
1354 1952 1447 1994 suum

354 2028 522 2092 fabricatus
554 2037 609 2091 est.
652 2028 803 2114 Inspicias
826 2029 934 2110 modc,
955 2040 990 2093 ut
1013 2030 1073 2093 alia
1096 2029 1359 2114 praetermittam,
1385 2053 1445 2117 qua

356 2128 478 2193 ratione
499 2128 667 2193 instituerit
682 2130 871 2214 glossarium
894 2153 996 2193 suum.
1037 2130 1228 2214 Inscriptum
1258 2140 1304 2193 est
1325 2129 1444 2210 „Glos-

356 2228 472 2292 sarium
494 2229 751 2311 Petronianum“,
775 2231 892 2294 deinde
917 2231 996 2295 haec
1028 2231 1199 2293 admonitio
1230 2231 1352 2294 adiecta
1381 2241 1448 2293 est:

356 2330 559 2411 „Asteriscus
593 2330 849 2416 inexplicabilia,
879 2330 967 2416 prior
988 2353 1138 2394 numerus
1161 2331 1322 2416 paginam,
1343 2340 1450 2417 postc-

354 2430 421 2493 rior
449 2430 566 2494 lineam
602 2438 787 2496 monstrat.“
828 2431 896 2494 Iam
927 2441 1116 2514 sequuntur,
1149 2454 1230 2514 quae
1268 2432 1448 2494 enarranda

356 2530 415 2594 sibi
437 2531 570 2616 sumpsit
591 2531 766 2596 secundum
784 2531 958 2595 litterarum
982 2531 1127 2594 ordinem
1152 2531 1311 2616 disposita.
1350 2532 1447 2596 llaec

356 2630 434 2694 ratio
467 2632 610 2715 profecto
644 2655 707 2695 non
738 2632 804 2695 eius
836 2640 903 2711 est,
930 2633 983 2714 qui
1016 2632 1123 2695 fucum
1146 2631 1238 2696 alicui
1263 2634 1368 2696 facere
1389 2632 1449 2696 sibi

355 2732 512 2816 proponit.
563 2731 647 2811 Sed,
677 2733 770 2795 audio
801 2741 832 2795 te
866 2741 1088 2816 quaerentem,
1125 2733 1284 2815 quomodo
1322 2733 1450 2796 tandem

357 2835 472 2907 l'actum
496 2841 552 2914 est,
574 2842 609 2896 ut
629 2832 688 2895 viri
712 2832 794 2896 docti
819 2833 850 2894 in
872 2842 935 2896 tam
957 2833 1070 2894 mirum
1086 2853 1229 2895 errorem
1253 2832 1444 2897 inciderint?

355 2932 394 2997 Id
416 2933 543 3018 quidem
566 2933 724 3020 probabili
747 2933 927 2998 coniectura
947 2933 1114 2997 adsecutus
1137 2955 1207 2997 esse
1229 2934 1305 2996 mihi
1328 2934 1452 2997 videor.

356 3033 437 3098 Nam
460 3033 572 3098 Petrus
597 3033 714 3099 Daniel
743 3035 773 3097 in
802 3034 883 3097 notis
913 3034 1000 3113 suis,
1024 3035 1136 3118 quibus
1160 3034 1343 3098 Petronium
1366 3035 1450 3097 inlu-

356 3136 474 3218 stravit,
496 3135 615 3220 passim
638 3137 816 3221 fragmenta
844 3136 911 3199 eius
933 3135 1041 3199 laudat
1062 3157 1104 3198 ex
1125 3135 1259 3218 antiquis
1282 3134 1446 3220 glossariis

358 3237 547 3322 deprompta
581 3274 619 3283 ·-
652 3237 690 3300 cf.
719 3259 793 3322 pag.
823 3237 863 3301 88
894 3274 933 3287 -
967 3259 1102 3321 quorum
1134 3238 1265 3301 confusa
1296 3237 1449 3320 quaedam

358 3318 544 3401 recordatio
570 3338 716 3402 effecisse
746 3339 891 3419 ridetur,
920 3347 955 3400 ut
982 3338 1049 3422 quis
1071 3337 1297 3402 Hermannidis
1330 3337 1451 3422 glossa-

356 3440 437 3502 rium
460 3439 540 3502 iusto
563 3438 790 3524 neglegentius
824 3461 880 3523 pro
903 3438 1031 3524 antiquo
1056 3439 1188 3503 haberet
1216 3439 1332 3523 aliique
1355 3437 1447 3501 nimis

359 3539 480 3603 creduli
508 3540 590 3604 hanc
620 3538 803 3624 opinionem
832 3549 1053 3624 sequerentur.
1107 3537 1259 3605 Ceterum
1296 3539 1364 3623 quis
1393 3539 1448 3601 ille

357 3639 470 3722 fuerit,
495 3641 546 3723 qui
568 3640 688 3726 primus
710 3662 745 3704 se
763 3639 866 3724 decipi
888 3663 1000 3726 passus
1018 3641 1067 3721 sit,
1084 3650 1169 3705 certo
1186 3640 1356 3726 explorare
1374 3639 1450 3702 mibi

359 3763 423 3805 non
447 3740 579 3826 contigit
601 3764 662 3806 neo
692 3742 800 3826 magni
821 3741 973 3805 momenti
1002 3751 1058 3805 est.
1101 3742 1226 3810 Vereor
1257 3751 1378 3822 autem,
1411 3762 1452 3804 ne

357 3841 470 3907 ceteris
492 3842 664 3926 praeiverit
686 3842 796 3906 Petrus
821 3841 1034 3906 Burmannus.

398 3941 522 4005 Primus
556 3942 643 4006 locus
677 3942 716 4007 de
747 3942 833 4028 cuius
866 3944 1023 4028 scriptura
1045 3942 1211 4027 disputabo
1241 3963 1306 4026 cap.
1331 3942 1454 4022 30,10

357 4052 463 4124 extat,
499 4043 552 4107 ubi
583 4043 662 4108 haec
688 4043 856 4128 leguntur:
896 4043 992 4124 „Non
1019 4052 1081 4106 tam
1119 4043 1235 4107 iactura
1264 4051 1453 4123 memoret,

358 4166 449 4228 quem
478 4126 676 4234 negligentia
704 4143 891 4225 nequissimi
915 4143 1011 4208 servi.
1056 4144 1252 4207 Vestimenta
1272 4165 1344 4207 mea
1368 4142 1452 4208 cubi-

359 4244 436 4308 toria
456 4243 614 4330 perdidit,
643 4243 823 4329 quaemihi
858 4244 951 4308 natali
974 4266 1046 4308 meo
1071 4245 1168 4308 cliens
1199 4245 1326 4330 quidam
1358 4243 1454 4307 dona-

356 4354 460 4425 verat,
491 4342 599 4428 Tyria.
620 4345 689 4408 sine
721 4344 841 4425 dubia,
865 4345 924 4408 sed
954 4343 1015 4408 iam
1037 4346 1139 4409 semel
1159 4346 1255 4410 lota“.
1298 4344 1384 4409 lusto
1403 4367 1464 4413 au-x

357 4444 463 4510 dacius
486 4443 646 4509 Pantanus
667 4445 707 4509 ad
731 4444 871 4510 Macrob.
894 4455 1012 4510 saturn.
1035 4444 1101 4526 Vl,
1127 4447 1143 4508 1
1167 4447 1300 4512 coniecit
1330 4445 1454 4532 „Tyria
