3542 5292
337 2169 526 2255 Quanquam
553 2168 707 2254 reliquiae
728 2167 939 2234 Petronianae
964 2169 1134 2256 egregium
1155 2193 1192 2234 ao
1212 2170 1310 2255 plane
1321 2169 1389 2234 uni·

296 2327 365 2369 eum
400 2305 505 2369 locum
544 2304 577 2366 in
605 2304 718 2368 litteris
754 2301 873 2368 Latinis
904 2303 964 2368 sibi
999 2302 1177 2384 vindicant,
1204 2313 1310 2368 tamen
1332 2304 1392 2369 hae

295 2449 402 2502 nostra
431 2447 532 2502 aetate
567 2437 639 2501 ideo
663 2436 778 2521 opinor
799 2437 967 2522 neglectae
990 2437 1058 2500 fere
1090 2435 1273 2517 iacuerunt,
1305 2437 1391 2522 quod

299 2571 386 2634 nulla
415 2571 519 2635 adhue
542 2579 629 2634 extat
654 2570 769 2651 editio,
802 2593 882 2656 quae
904 2580 994 2634 certo.
1011 2569 1166 2634 librorum
1189 2571 1393 2637 fundamento

299 2704 423 2768 nitatur.
466 2702 576 2786 Itaque
603 2726 664 2768 nec
694 2725 757 2791 ego
779 2703 812 2766 in
833 2704 895 2767 hoc
916 2703 1072 2787 scriptore
1098 2704 1202 2770 studia
1224 2727 1294 2769 mea
1319 2728 1392 2770 con-

299 2838 479 2919 locassem‚
520 2837 580 2901 nisi
615 2835 690 2901 Otto
721 2837 852 2902 Iahnius
896 2848 1087 2925 praeceptor
1123 2839 1241 2926 optime
1270 2839 1312 2904 de
1342 2862 1394 2905 me

301 2971 431 3034 meritus
466 2992 545 3056 quae
576 2980 699 3035 enotata
728 2970 838 3037 habuit
871 2993 914 3036 ex
934 2972 1023 3036 libris
1045 2970 1244 3037 Petronianis
1276 2972 1396 3058 insigni

301 3105 495 3169 liberalitate
516 3104 549 3167 in
568 3127 661 3168 usum
694 3125 801 3170 meum
831 3106 1049 3169 concessisset.
1094 3104 1219 3185 Quibus
1248 3105 1423 3171 subsidiis

302 3239 427 3303 adiutus
449 3239 481 3302 id
503 3239 580 3303 mihi
602 3238 635 3302 in
655 3239 717 3304 hoc
739 3240 826 3303 tenui
850 3238 960 3306 libello
974 3239 1138 3326 proposui,
1161 3249 1195 3304 ut
1207 3240 1395 3325 scriptorem

303 3372 476 3436 admodum
513 3382 695 3458 corruptum
735 3384 885 3460 quantum
922 3375 1011 3460 potui
1047 3375 1261 3440 emendarem.
1316 3373 1397 3440 Cum

301 3528 378 3569 vero
410 3506 577 3590 adparatus
598 3505 739 3587 criticus,
771 3529 833 3592 quo
855 3507 1010 3571 uti0mihi
1041 3507 1172 3589 licebat,
1202 3529 1266 3571 non
1291 3508 1396 3573 omnia

303 3640 480 3725 fragmenta
510 3638 651 3703 Petronii
685 3640 973 3725 complecteretur,
1006 3641 1039 3703 in
1071 3639 1252 3705 universam
1284 3664 1395 3706 eorum

304 3774 489 3838 memoriam
513 3773 674 3857 inquirere
704 3796 768 3837 non
788 3775 877 3860 potui
896 3796 956 3838 nec
977 3797 1086 3859 pauca,
1109 3797 1188 3859 quae
1208 3774 1399 3840 editionibus

305 3912 458 3992 feruntur,
483 3910 594 3975 intaeta
615 3911 691 3974 mihi
714 3911 927 3996 relinquenda
949 3919 1048 3975 erant.
