3542 5292
776 529 863 629 Ι25

212 777 215 783 ,
295 707 480 773 malchionis
511 709 648 776 fabulam
680 709 866 775 Policratico
897 734 957 778 suo
988 713 1031 777 ita
1052 715 1209 796 intexuit,
1240 725 1276 780 ut
1298 739 1397 801 quan-

295 807 510 894 quam'multa
531 831 613 894 quae
636 810 730 876 nimis
755 812 874 876 rustice
897 812 979 878 dicta
1001 814 1061 882 sibi
1083 813 1289 897 viderentur,
1311 817 1395 882 flori·

205 904 207 907 ’
296 907 366 974 dius
395 917 490 994 atque
510 909 689 994 elegantius
714 912 891 996 expressit,
920 921 1027 979 tamen
1056 914 1142 979 haud
1174 917 1308 980 obscura
1339 938 1396 1003 ge·

295 1009 411 1074 nuiuae
431 1009 619 1074 narrationis
641 1010 777 1096 vestigia
798 1021 951 1076 servaret.
997 1013 1028 1078 ls
1042 1014 1141 1100 igitur
1153 1014 1396 1080 Trimalchionis

294 1112 392 1175 verba
417 1109 473 1200 illa
504 1132 602 1196 supra
630 1110 733 1195 posita
769 1111 810 1175 ita
841 1113 1056 1199 transscripsit
1084 1115 1232 1180 Policrat.
1268 1115 1331 1179 Illl
1344 1119 1396 1197 ,5

251 1295 255 1298 q
293 1209 432 1291 „Caesar
461 1218 579 1304 autam
598 1211 638 1275 ad
666 1212 746 1276 hacc
775 1235 840 1277 non
865 1215 970 1300 magis
988 1215 1110 1302 stupuit
1137 1239 1231 1301 quam
1254 1217 1394 1304 expavit.

294 1314 339 1377 At
369 1311 426 1376 ille
451 1312 492 1375 de
523 1321 610 1376 terra
640 1314 766 1377 sustulit
796 1315 956 1400 phialam“
974 1337 1002 1381 e.
1028 1340 1057 1402 q.
1081 1341 1105 1381 s.
1150 1317 1217 1382 lam
1251 1317 1395 1404 singulas

294 1413 389 1478 huius
412 1413 555 1500 exempli
581 1413 807 1500 discrepantias
829 1415 987 1502 inspicias.
1010 1417 1120 1502 Atque
1136 1417 1299 1504 antiquum
1313 1417 1395 1484 illud

219 1596 223 1610 ἱ
293 1539 375 1599 „non
403 1522 497 1604 pote“
531 1517 682 1582 omissum
714 1539 785 1584 esse
814 1519 868 1583 vel
896 1519 977 1582 illud
1003 1519 1173 1600 „validius‘
1199 1518 1231 1582 in
1259 1518 1396 1605 „magis‘

294 1627 447 1683 mutatum
479 1641 543 1684 non
566 1618 679 1683 mirum
697 1629 761 1699 est;
784 1621 856 1684 talia
879 1621 962 1683 enim
985 1619 1134 1684 fastidivit
1157 1620 1304 1684 Ioannes.
1328 1620 1395 1688 Sed
1431 1674 1447 1683 .

294 1719 381 1785 unde
404 1720 540 1807 sumpsit
559 1720 751 1785 vocabulum
772 1722 927 1809 „stupuir
937 1770 946 1802 ,
982 1723 1045 1807 quo
1074 1743 1170 1806 quam
1192 1720 1395 1786 concinnast

295 1820 451 1886 sententia
487 1829 518 1884 et
553 1821 652 1885 oratio
675 1822 787 1885 evadat
818 1822 850 1886 in
883 1822 994 1887 oculos
1025 1822 1183 1886 incurrit?
1221 1821 1264 1887 Ni
1290 1821 1394 1902 fallor,

293 1921 409 1986 melius
442 1943 562 1986 coenae
598 1922 764 2009 exemplar
794 1922 823 1986 ei
856 1923 895 1986 ad
924 1945 1052 1986 manum
1076 1931 1151 1986 erat.
1194 1921 1275 1986 Inde
1296 1921 1395 2008 igitur
1489 1913 1492 1918 Δ

293 2022 561 2088 Trimalchionem
597 2022 718 2088 dixisse
741 2023 877 2088 conicio:
910 2023 1046 2103 „Caesar
1076 2047 1140 2088 non
1162 2032 1237 2110 pote
1260 2022 1394 2087 validius

293 2125 496 2216 [stupere]
521 2147 616 2210 quam
642 2131 853 2211 expavet“.
900 2125 1055 2189 Praesens
1076 2133 1203 2211 tempus
1226 2127 1398 2210 „expavet“

291 2227 419 2292 vividae
444 2225 614 2290 narrationi
642 2226 838 2313 aptissimum
862 2225 985 2290 voculis
1008 2248 1091 2307 „non
1113 2232 1207 2312 pote“
1226 2223 1391 2288 indicatur.

297 2331 412 2416 Neque
435 2328 636 2415 corruptelae
662 2328 755 2413 origo
778 2349 842 2391 non
864 2326 1114 2414 perspicuaest3
1128 2328 1393 2415 postquameuim

291 2437 375 2514 „stu“
387 2430 511 2515 syllaba
527 2429 610 2509 „ius“
630 2428 754 2509 litteris,
773 2449 853 2511 quae
870 2427 1074 2508 antecedunt,
1096 2429 1245 2513 absorpta
1268 2436 1343 2508 erat,
1358 2428 1393 2491 li·

294 2532 417 2598 brarius
432 2532 557 2614 reliqua
579 2538 692 2616 sponte
716 2529 865 2616 omisit.¹)

334 2633 412 2719 Cap.
435 2631 494 2713 52,
517 2634 536 2694 6
556 2629 719 2712 „Tandem
752 2652 831 2716 ergo
859 2641 1009 2696 exoratus
1038 2655 1056 2695 a
1086 2631 1179 2696 nobis
1208 2629 1394 2694 missionem

291 2734 381 2798 dedit
409 2754 521 2821 puero.
574 2732 634 2796 llle
667 2733 815 2797 dimissus
849 2733 932 2797 circa
966 2755 1108 2798 mensam
1135 2729 1341 2819 percucurrit
1364 2739 1395 2794 et

293 2836 433 2921 ‘Aquam
455 2836 551 2915 foras,
573 2835 680 2900 vinum
695 2835 787 2899 intro’
803 2835 956 2900 clamavit.
979 2834 1167 2921 Excipimus
1185 2831 1393 2900 urbanitatem

289 2937 421 3000 iuuantis
450 2944 481 2999 et
508 2944 579 3000 ante
605 2920 716 3001 omnes
738 2935 987 3022 Agamemnon,
1020 2934 1073 3020 qui
1108 2933 1247 3014 sciebat,
1277 2933 1392 3017 quibus

290 3036 411 3101 meritis
426 3045 632 3102 revocaretur
645 3037 685 3103 ad
702 3032 842 3102 coenam.
868 3035 1023 3103 Ceterum
1039 3037 1186 3101 laudatus
1200 3031 1393 3099 Trimalchio

289 3138 423 3202 hilarius
448 3138 544 3204 bibit“
569 3160 596 3202 e.
615 3161 643 3226 q.
667 3163 694 3203 s.
725 3138 800 3203 Iure
822 3139 959 3204 offendit
968 3139 1200 3216 Burmanuum‚
1212 3134 1297 3221 quod
1309 3155 1393 3221 puer

291 3236 404 3301 dicitur
427 3239 545 3302 circa
567 3261 709 3304 mensam
741 3238 1023 3327 percucuriss
1038 3239 1100 3318 el),
1125 3236 1184 3301 scd
1206 3236 1267 3301 hoc
1288 3235 1395 3309 levius.

294 3357 490 3368 ...p—*-

327 3400 355 3467 1)
374 3400 433 3452 Nou
453 3399 522 3452 hene
542 3402 664 3452 iecerunt
676 3402 804 3464 editores,
824 3409 852 3452 ut
870 3403 924 3453 boc
944 3404 972 3452 in
992 3408 1144 3450 transcursu
1164 3399 1299 3466 adtingam
1319 3399 1390 3468 quod

291 3486 372 3538 verba
394 3486 504 3537 loannis
524 3485 729 3539 sarisberiensis
748 3487 872 3540 Policrat.
894 3488 953 3550 ill,
983 3485 1097 3551 8„iere
1126 3494 1198 3536 totus
1226 3487 1339 3536 mundus
1359 3502 1392 3537 ex

289 3573 391 3626 Arbitri
411 3574 495 3624 nostri
515 3573 647 3623 sententia
669 3574 776 3624 videtur
802 3577 908 3624 mimum
931 3573 1065 3639 implerc“
1085 3581 1165 3639 atque
1184 3571 1299 3622 similem
1319 3586 1389 3639 quae

289 3661 380 3730 paullo
402 3661 471 3711 inira
490 3662 612 3728 sequitur
631 3662 786 3712 senteutiam
807 3677 882 3725 „non
911 3661 981 3713 duco
1002 3661 1183 3711 contentionis
1205 3661 1304 3722 iuueni,
1325 3660 1385 3710 dum

290 3755 393 3800 constet
413 3750 481 3798 inter
500 3764 568 3811 nos,
594 3749 664 3815 quod
687 3749 744 3799 fere
766 3755 835 3799 totus
856 3750 969 3800 muudus
995 3749 1067 3798 iuria
1095 3747 1246 3798 Petronium
1267 3754 1391 3798 exerceat

290 3835 471 3898 histrionem“‚
481 3837 555 3903 quasi
571 3853 602 3887 ex
614 3836 746 3902 singulari
759 3837 831 3888 fonte
843 3835 923 3888 nobis
941 3835 1088 3888 intercluso
1109 3836 1193 3901 petita
1214 3842 1310 3888 esseut.
1322 3837 1391 3886 inter

288 3926 436 3990 fragmenta
454 3923 610 3975 Petroniana
626 3925 792 3976 rettulerunt.
814 3923 934 3992 Utroque
944 3925 1015 3975 enim
1036 3924 1098 3974 loco
1117 3924 1148 3974 ad
1170 3938 1264 3974 versus
1276 3937 1334 3988 cap.
1346 3921 1390 3986 80,

288 4013 304 4066 9
324 4013 445 4077 respicit:
465 4010 619 4080 „Grexagit
637 4014 663 4063 in
676 4029 755 4064 scena
768 4015 884 4076 mimum,
896 4019 970 4077 pater
989 4012 1037 4062 ille
1057 4009 1186 4062 vocatur“
1199 4027 1222 4062 e.
1236 4028 1260 4080 q.
1277 4028 1307 4076 s,
1318 4026 1390 4079 quo-

288 4115 343 4149 rnm
363 4100 519 4150 sententiam
539 4116 614 4150 mora
634 4115 684 4151 suo
704 4099 795 4166 paullo
818 4099 933 4150 liberius
953 4100 1090 4165 expressit.
1111 4095 1189 4149 Certe
1209 4115 1240 4150 ex
1260 4098 1301 4149 his
1320 4098 1390 4150 locis

286 4203 340 4239 nou
360 4194 449 4253 potest
467 4187 656 4252 demonstrari,
677 4188 749 4256 quod
771 4187 897 4239 nonnulli
921 4187 1052 4250 credunt,
1078 4187 1141 4236 mihi
1164 4203 1229 4238 vero
1249 4187 1388 4238 admodum

287 4275 395 4326 dubium
419 4281 466 4338 est,
489 4274 583 4326 loanni
604 4276 690 4328 libros
713 4275 829 4329 Petronii
853 4278 951 4328 nostris
972 4277 1112 4344 pleniores
1131 4285 1235 4344 praesto
1256 4277 1347 4328 fuisse.

323 4359 349 4430 2)
369 4363 543 4416 Scribendum
564 4372 628 4431 puto
642 4384 648 4416 :
672 4366 763 4428 „circa
784 4381 899 4416 mensem
918 4366 1021 4417 discr
1032 4382 1046 4417 c
1057 4365 1173 4433 urrit“
1194 4365 1228 4416 cf.
1249 4381 1306 4431 cap.
1317 4361 1389 4428 40,2

288 4467 383 4518 „canes
403 4450 530 4504 Laconici
552 4453 629 4504 etiam
651 4454 745 4504 circa
763 4468 909 4505 mensam
932 4447 1133 4507 discurrere
1154 4449 1325 4519 coeperunt“.
