3542 5292
832 531 888 603 ¹bl
961 563 964 570 ’

282 703 286 784 ᾗ
315 721 526 811 deprehendi.
573 721 634 814 Ubi
659 744 736 808 saga
758 719 932 809 quaedam,
956 694 1037 809 quae
1062 722 1221 810 Encolpio
1237 726 1415 810 aegrotanti

239 871 242 877 -
314 825 477 890 sanitatem
497 823 669 888 restituere
690 822 845 910 promisit,
869 822 1089 910 prodigiosam
1115 846 1204 888 suam
1225 833 1413 911 potestatem

225 938 226 945 ’
315 927 363 992 his
385 926 531 991 versibus
554 924 705 991 describit
726 924 758 987 iu
785 919 897 989 omnes
924 933 1149 1011 excerptorum
1168 925 1267 993 libros
1289 926 1413 995 relatis:
1514 963 1517 968 ·

394 1024 579 1112 „Quidquid
600 1026 634 1089 in
656 1027 735 1091 orbe
756 1022 858 1106 vides,
881 1036 974 1112 paret
995 1024 1082 1089 mihi.
1103 1025 1234 1091 Florida
1254 1026 1352 1093 tellus

335 1185 336 1189 ,
398 1125 481 1193 Cum
503 1126 576 1209 volo
599 1120 740 1212 spissati's
763 1126 878 1206 arescit
900 1126 1055 1211 languida
1079 1126 1186 1207 sulcis,

375 1286 376 1292 ,
400 1227 480 1292 Cum
503 1227 578 1292 volo
600 1226 703 1291 fundit
723 1248 802 1314 opes
822 1227 974 1314 scopulis,
997 1237 1092 1313 atque
1117 1229 1246 1292 horrida
1265 1244 1342 1295 saxa

399 1319 735 1392 Niliacas'iaculantur
757 1321 865 1413 aquas:
899 1327 976 1392 Mihi
997 1338 1114 1415 pontus
1128 1329 1247 1394 inertes

308 1442 319 1460 ·
356 1429 376 1491 5
397 1426 568 1494 Submittet
590 1430 715 1509 fluctus,
739 1429 940 1516 zephyrique
962 1430 1095 1494 tacentia
1115 1440 1240 1517 ponunt

294 1572 295 1576 ,
398 1529 485 1593 Ante
508 1551 597 1600 meos
620 1552 676 1594 sua
697 1528 796 1593 flabra
817 1526 931 1615 pedes.
954 1529 1030 1594 Mihi
1052 1529 1182 1594 flumina
1207 1540 1331 1616 parent,

401 1631 636 1715 Hyrcanaeque
658 1631 759 1715 tigres
783 1642 813 1694 et
834 1630 911 1695 iussi
931 1640 1013 1695 stare
1037 1630 1202 1696 dracones.

402 1731 489 1812 Quid
511 1731 637 1799 leviora
651 1730 799 1816 loquor?
821 1731 931 1795 Lunae
955 1732 1128 1797 descendit
1153 1733 1260 1818 imago

401 1832 603 1898 Carminibus
626 1832 763 1897 deducta
783 1828 874 1912 meis,
899 1833 1109 1920 trepidusque
1132 1834 1275 1899 furentes

338 1926 380 1996 '10
398 1929 546 1998 Flectere
568 1933 718 1997 Phoebus
743 1954 842 2019 equos
865 1934 1013 2011 revoluto
1036 1934 1161 2020 cogitur
1187 1936 1274 2000 orbe.
1348 2009 1350 2012 .

401 2031 536 2096 Tantum
558 2031 638 2096 dictu
661 2031 775 2096 valent.
799 2031 981 2097 Taurorum
999 2032 1126 2097 flamma
1148 2033 1284 2120 quiescit

401 2132 565 2218 Virgineis
587 2134 741 2198 exstincta
761 2134 869 2215 scurie,
891 2134 1054 2200 Phoebeia
1076 2133 1170 2200 Circe

383 2231 603 2301 ·Oarminibus
628 2234 758 2320 magicis
782 2235 883 2301 socios
905 2236 1036 2300 mutavit
1056 2235 1174 2318 Ulixis,

401 2336 537 2421 Proteus
561 2355 632 2401 esse
652 2337 734 2401 solet
757 2336 912 2423 quidquid
932 2337 1017 2402 liber.
1051 2337 1108 2403 His
1134 2359 1196 2422 ego
1219 2336 1339 2402 callens

281 2427 283 2430 ’
343 2437 383 2500 15
405 2437 539 2503 Artibus
561 2438 673 2502 Idaeos
695 2439 823 2503 frutices
846 2439 879 2502 in
902 2438 1033 2524 gurgite
1056 2438 1172 2520 sistam,

398 2538 440 2602 Et
462 2538 709 2604 rursusfluv-ios
728 2540 759 2603 in
776 2562 900 2605 summo
922 2539 1041 2604 vertice
1065 2547 1207 2627 ponam“.

316 2639 358 2707 Ut
379 2639 481 2704 statim
505 2637 614 2730 dicam
637 2641 714 2726 quid
746 2641 779 2704 in
811 2642 873 2705 hoc
895 2641 1032 2705 carmine
1063 2664 1116 2706 me
1139 2641 1328 2723 offenderit,
1353 2662 1411 2706 sex

258 2800 261 2806 .
287 2805 289 2809 ,
317 2762 430 2814 versus
451 2742 605 2828 postremi
627 2751 674 2806 tot
694 2741 852 2827 tantisque
875 2752 905 2806 et
930 2742 1077 2808 orationis
1109 2752 1140 2807 ct
1169 2741 1345 2808 sententiae
1365 2741 1410 2804 vi-

315 2841 366 2906 tiis
390 2850 531 2921 scatent,
560 2852 594 2906 ut
625 2842 665 2919 de
690 2842 924 2929 interpolatoris
957 2838 1071 2911 fraude
1100 2843 1235 2907 dubitari
1262 2851 1410 2928 nequeat.

314 2940 381 3007 Sed
419 2941 546 3027 singula
578 2942 750 3008 accuratius
781 2943 970 3009 examinabo
1007 2953 1102 3028 atque
1132 2942 1255 3007 initium
1279 2942 1408 3028 quidem
1509 2965 1511 2971 ·

317 3041 440 3129 capiam.
457 3045 495 3108 ab
519 3044 739 3110 observatione
763 3044 897 3129 quadam
920 3043 1133 3129 grammatica.
1178 3043 1330 3108 Miraeula
1353 3043 1410 3107 sci·
1498 3075 1500 3080 ·

202 3152 206 3159 '
315 3145 409 3226 licet,
439 3167 520 3231 quae
552 3153 629 3231 saga
647 3140 841 3209 >carminibus
863 3143 995 3230 magicis
1018 3167 1052 3208 se
1075 3144 1204 3226 efficere
1219 3166 1316 3232 posse
1337 3166 1412 3232 pro·

295 3248 297 3253 ’
314 3244 430 3326 fitetur,
451 3245 564 3333 ¹primis
585 3246 697 3310 decem
718 3246 866 3310 versibus
881 3245 1050 3332 praesenti
1072 3254 1218 3332 tempore
1239 3256 1411 3333 ponuntur,

297 3336 347 3411 'id
371 3347 458 3433 quod
480 3349 641 3434 arroganti
666 3350 734 3413 eius
755 3348 893 3413 fiduciae
915 3339 1113 3436 np'tissimum
1138 3369 1209 3412 esse
1226 3368 1322 3411 nemo
1346 3369 1412 3412 non

236 3507 238 3511 .
316 3447 419 3510 sentit.
463 3447 508 3526 At
531 3448 575 3509 in¹
586 3447 757 3532 postremis
769 3448 917 3512 versibus
930 3458 1075 3535 tempora
1091 3448 1206 3512 mirum
1228 3448 1261 3512 in
1281 3447 1413 3513 modum

316 3546 564 3612 confunduntur.
607 3547 650 3612 Ut
673 3547 834 3612 ordiamur
856 3552 895 3614 ab
918 3548 1038 3612 ultimis
1061 3548 1207 3614 versibus
1230 3570 1325 3614 nemo
1340 3570 1412 3614 con·

284 3682 287 3690 =
315 3649 434 3714 iectura
468 3639 661 3733 adsequatur
696 3648 773 3735 quid
805 3649 935 3714 tandem
959 3649 1167 3714 commoverit
1186 3658 1347 3736 poetam,
1377 3658 1413 3714 ut

313 3751 455 3833 ,sistam“
477 3757 506 3814 et
528 3748 680 3836 ,ponaml‘
703 3750 866 3817 scriberet.
904 3749 986 3814 Nam
1013 3750 1081 3814 sive
1102 3772 1258 3838 praesens
1275 3750 1413 3815 voluerit

211 3867 213 3871 ·
316 3852 382 3916 sive
418 3853 759 3931 futurum‚⁴neutrum
791 3850 921 3936 probari
950 3859 1065 3938 potest.
1112 3851 1292 3916 Praesentis
1328 3850 1411 3916 enim

316 3952 572 4018 coniunctivus'a
596 3951 740 4023 mulieris
761 3951 886 4023 fiducia,
900 3974 1033 4039 prorsus
1056 3953 1253 4034 abhorreret,
1270 3953 1413 4017 futurum

263 4044 267 4051 ’
315 4054 456 4141 ineptum
481 4053 647 4135 evaderet,
682 4053 767 4138 quod
795 4053 857 4117 hoc
888 4053 958 4139 ipso
983 4074 1046 4138 quo
1080 4075 1157 4140 saga
1179 4052 1321 4138 loquitur
1344 4075 1410 4118 mo·

286 4141 422 4220 'mento
452 4154 580 4218 minime
602 4153 648 4230 de
671 4156 772 4240 rebus¹
790 4152 854 4218 illis
875 4153 992 4239 agitur,
1019 4175 1095 4239 quas
1119 4153 1221 4239 tangit
1241 4151 1291 4217 his
1312 4152 1411 4218 versi·
1480 4223 1482 4228 ,

205 4246 208 4251 ’
316 4243 396 4336 bus;
428 4270 523 4335 nam,
559 4254 677 4318 utiam
701 4253 807 4346 dixi,·
829 4253 1024 4318 medicatura
1056 4263 1103 4318 est
1123 4276 1222 4341 aegro
1245 4252 1411 4340 Encolpio.

237 4373 239 4376 ’
314 4359 365 4423 Ac
386 4358 463 4444 quid
485 4357 526 4421 de
555 4357 724 4440 codices,
754 4357 839 4442 quod
870 4356 981 4420 ultimo
1009 4356 1117 4421 versui
1146 4354 1301 4420 sententia
1329 4354 1412 4420 inest

278 4504 280 4509 ·
316 4459 379 4524 iam
392 4482 422 4523 v.
444 4458 464 4522 6
484 4459 592 4525 verbis
614 4459 708 4542 ,mihi
729 4448 862 4524 flumina
881 4463 1014 4545 parent“
1034 4456 1183 4544 prolata?
1205 4457 1295 4522 Haec
1315 4477 1408 4545 repe·
