3542 5292
832 526 919 613 ra,

307 707 415 787 ficari,
443 707 496 791 qui
515 705 709 771 non-omnia
737 726 839 789 aequo
866 706 974 770 animo
995 706 1171 791 patiantur,
1202 706 1262 770 sed
1284 705 1409 769 fortiter

210 813 211 818 ’
300 831 343 872 ιω
365 816 494 871 strenue
515 830 551 871 se
572 808 610 871 ab
641 805 764 870 iniuriis
797 807 980 870 defendant.
1025 805 1091 870 Iam
1118 828 1196 869 vero
1224 805 1277 890 qui
1293 807 1408 870 vverba

247 947 255 961 ι
306 907 361 971 illa
383 915 532 992 corrupta
553 907 727 982 accuratius
752 905 932 991 perlegerit
949 928 1014 969 non
1030 915 1135 992 potest
1161 928 1225 969 non
1251 927 1407 990 quaerere

208 1041 217 1060 ·
279 1075 281 1078 Α
306 997 388 1091 quae
409 1005 538 1070 tandem
561 1006 668 1069 larvae
689 1005 768 1069 istae
792 1005 872 1093 sint,
902 1006 1077 1090 dequibus
1102 1005 1245 1090 loquitur
1264 1005 1406 1069 libertus.

281 1101 378 1189 <Hoc
409 1107 601 1170 vocabulum
630 1127 700 1170 cum
731 1105 764 1169 in
799 1106 844 1169 cis
875 1128 956 1189 quae
978 1106 1177 1190 praecedunt
1204 1126 1269 1169 non
1291 1105 1408 1169 habeat

258 1201 369 1292 “quo
393 1203 571 1287 referatur,
594 1206 775 1270 necessario
800 1207 1005 1290 consequitur
1036 1205 1069 1268 in
1101 1205 1214 1269 vitiosa
1246 1203 1405 1290 scriptura

228 1350 243 1356 a·
306 1329 464 1392 personas
484 1306 606 1387 latere,
634 1308 676 1370 ad
697 1330 772 1392 quas
798 1307 973 1371 convicium
1003 1306 1085 1369 illud
1108 1305 1276 1391 pertineat.
1301 1304 1405 1383 Quos-

307 1430 378 1470 nam
411 1416 516 1470 autem
546 1407 681 1472 libertus
704 1407 847 1492 tetigerit
870 1428 888 1470 c
910 1428 1033 1471 conexu
1071 1405 1221 1468 orationis
1253 1403 1406 1468 facillime

218 1521 220 1528 '
308 1508 442 1572 divinari
460 1517 582 1594 potest3
600 1508 715 1591 liquet
748 1507 831 1572 caim
859 1507 952 1571 illum
972 1516 1026 1571 aut
1053 1507 1093 1570 ad
1115 1507 1253 1591 pistores
1287 1514 1341 1569 aut
1364 1504 1405 1568 ad

306 1608 428 1672 aediles
451 1608 630 1694 respicere,
662 1630 797 1693 quorum
819 1607 1021 1672 insolentiam
1043 1607 1153 1692 paullo
1177 1617 1269 1671 antea
1292 1626 1405 1690 reprc-

306 1709 428 1774 hendit.
472 1711 521 1774 Ac
544 1711 604 1773 nisi
627 1709 733 1774 omnia
750 1732 802 1774 me
822 1709 945 1789 fallunt,
968 1708 1001 1772 in
1025 1709 1112 1774 vocis
1138 1714 1306 1792 corruptae
1335 1706 1405 1789 „in-

305 1808 464 1878 seriores!
471 1808 691 1874 terminatione
703 1807 994 1893 vestigiavocabnli
1001 1830 1046 1894 „p
1056 1808 1064 1870 i
1074 1831 1088 1870 s
1097 1817 1135 1872 to
1144 1830 1160 1869 r
1169 1829 1186 1871 e
1195 1812 1235 1870 s“
1242 1807 1407 1891 adparent.

306 1907 372 1971 Iam
395 1908 558 1991 quaeritur
578 1908 655 1992 quid
678 1907 734 1972 ille
758 1929 887 1972 narrare
911 1910 1051 1992 potuerit
1069 1908 1110 1971 de
1123 1906 1306 1993 pistoribus,
1323 1928 1403 1992 quos

304 2010 357 2092 hic
377 2009 551 2095 perstringi
572 2008 650 2072 mihi
675 2008 904 2095 aliquantisper
923 2009 1080 2093 largiaris.
1123 2006 1198 2072 Non
1215 2007 1320 2093 potuit
1332 2028 1405 2092 pro-

304 2111 387 2173 fecto
413 2109 504 2173 aliter
515 2109 615 2193 loqui,
639 2109 700 2172 nisi
722 2109 756 2171 in
777 2109 862 2173 hunc
884 2111 954 2173 fere
976 2109 1127 2172 modum:
1151 2106 1245 2174 ‘Cum
1267 2107 1405 2191 primum

304 2231 347 2273 ex
373 2210 452 2274 Asia
473 2209 566 2291 veni,
595 2210 629 2272 in
648 2210 709 2275 hac
732 2209 856 2275 colonia
878 2207 1038 2274 similis
1066 2209 1244 2294 generis
1269 2210 1405 2296 pistores

306 2312 445 2393 fuerunt,
456 2335 474 2375 a
484 2311 597 2395 quibus
610 2312 749 2397 populus
762 2313 877 2376 eodem
890 2313 959 2375 fere
979 2312 1076 2376 modo
1100 2320 1194 2396 atque
1206 2334 1291 2374 nune
1310 2332 1406 2374 vexa-

307 2414 406 2476 batur.
445 2411 482 2474 Id
504 2421 609 2483 autem
631 2433 696 2475 non
717 2411 849 2498 impune
875 2411 920 2474 eis
945 2411 1057 2493 cessit,
1079 2434 1150 2474 nam
1173 2411 1256 2475 male
1278 2411 1405 2496 vapula·

305 2513 399 2575 bant'.
438 2510 536 2574 Cuius
558 2511 687 2592 quidem
705 2511 881 2576 sententiae
905 2510 1056 2603 indicium
1077 2511 1168 2576 nobis
1190 2511 1335 2576 relictum
1360 2519 1408 2574 est

302 2612 335 2674 in
354 2610 509 2674 vocabule
531 2609 712 2693 „Similia“,
737 2612 822 2695 quod
850 2612 1070 2698 incorruptum
1091 2623 1179 2697 puto.
1203 2613 1404 2679 Manifestum

239 2704 242 2710 ’
303 2720 408 2774 autem
431 2710 587 2774 mendum
616 2711 649 2773 in
673 2732 752 2775 voce
774 2710 934 2792 „Sicilia‘
956 2712 1041 2793 latet,
1066 2713 1153 2777 cuins
1177 2734 1405 2777 commemora·

228 2827 230 2831 ’
301 2812 420 2876 tionem
442 2811 504 2875 huc
519 2833 651 2897 prorsus
673 2834 738 2876 non
752 2812 899 2877 adtinere
912 2836 984 2878 cum
1006 2813 1315 2900 plurimieditorum
1339 2835 1404 2877 non

301 2913 552 2998 perspexissent,
576 2911 647 2976 fieri
673 2935 738 2976 non
767 2898 874 2999 potuit
909 2914 984 2998 quin
1019 2916 1136 2977 frustra
1165 2933 1296 2998 operam
1332 2935 1406 2977 con-

300 3023 472 3077 sumerent.
519 3011 570 3076 Ne
593 3013 699 3076 multis
722 3023 753 3077 te
776 3035 894 3095 morer,
922 3013 976 3098 qui
1001 3014 1079 3077 mihi
1103 3015 1260 3078 concedet
1281 3012 1404 3076 librarii

225 3179 227 3182 ,
304 3113 514 3198 neglegentia
537 3114 615 3176 duas
639 3113 770 3177 voculas
793 3113 1017 3194 intercidisse,
1051 3114 1085 3177 id
1115 3115 1202 3197 quod
1229 3113 1262 3175 in
1291 3113 1404 3177 codice

301 3213 502 3297 Traguriano
538 3213 688 3278 facillime
719 3213 790 3277 fieri
821 3214 966 3298 potuisse
1001 3214 1153 3299 exempla
1182 3236 1279 3297 supra
1301 3213 1407 3277 adlata

303 3313 483 3394 ostendunt,
505 3313 618 3396 quibus
642 3313 703 3377 alia
723 3335 800 3376 mox
820 3313 964 3394 adiciam,
990 3313 1016 3376 is
1038 3336 1104 3377 non
1120 3313 1275 3377 dubitabit
1303 3320 1403 3375 totum

302 3414 388 3476 hune
413 3413 518 3477 locum
542 3413 583 3475 ita
603 3434 729 3477 mecum
754 3415 969 3478 constituere:
990 3410 1057 3493 „O,
1070 3414 1097 3476 si
1119 3414 1310 3477 haberemus
1331 3411 1404 3475 illos

301 3511 430 3592 leones,
464 3532 543 3594 quos
578 3532 641 3594 ego
671 3510 726 3596 hic
753 3511 859 3576 inveni
892 3535 961 3576 oum
993 3511 1132 3598 primum
1159 3533 1202 3575 ex
1221 3511 1300 3576 Asia
1321 3510 1404 3574 veni.

301 3611 387 3674 Illud
411 3611 609 3675 eratvivere.
654 3610 778 3677 Similia
800 3611 969 3675 scelera
992 3611 1111 3698 [tuno
1135 3609 1268 3698 crant]
1295 3610 1405 3673 inter

301 3709 1404 3797 pistores,sedlarvassicistaspercolaphabant,utillis

300 3809 422 3893 Iupiter
432 3811 529 3874 iratus
548 3818 665 3876 esset“.
688 3810 858 3899 Temporis
872 3813 1149 3897 significationem,
1166 3834 1259 3895 quam
1282 3812 1404 3876 duabus

301 3910 421 3975 voculis
442 3911 569 3976 insertis
591 3913 738 3995 restitui,
761 3935 895 3997 prorsus
917 3912 1131 3977 necessariam
1155 3934 1226 3976 esse
1260 3933 1403 3976 conexus

305 4012 455 4076 orationis
488 4014 691 4079 demonstrat.
734 4013 848 4098 Neque
879 4023 912 4077 te
940 4013 1045 4098 fugiet
1079 4035 1131 4077 me
1164 4014 1224 4077 hac
1255 4012 1404 4076 orationis

300 4112 410 4197 specie
443 4124 587 4198 reperta:
621 4113 771 4197 „Similia
795 4165 802 4178 .
827 4162 834 4177 .
859 4163 866 4179 .
893 4125 969 4179 tunc
1004 4123 1093 4179 erant
1127 4115 1211 4177 inter
1243 4112 1404 4199 pistores“

299 4222 415 4298 sponte
438 4235 476 4275 eo
496 4215 670 4280 adductum
694 4237 776 4296 esse,
800 4224 836 4279 ut
859 4237 902 4279 ex
916 4213 1075 4295 „Siciliae
1095 4214 1251 4309 vocabulo
1263 4214 1403 4300 pessime

300 4322 450 4398 corrupto
477 4315 682 4379 maledictum
705 4315 878 4397 „scelera“
902 4337 1060 4380 eruerent.
1106 4315 1244 4394 Quodsi
1269 4318 1403 4378 fortasse

300 4414 408 4498 paullo
441 4415 593 4480 audacius
626 4409 844 4502 excogitatum
872 4416 930 4481 tibi
964 4417 1112 4497 videtur,
1140 4425 1272 4502 reputes
1305 4414 1401 4478 velim
