3542 5292
874 565 915 629 14

345 775 483 837 suasisse
513 773 684 858 videtur1).
728 772 883 840 Similiter
916 773 950 834 in
978 771 1179 856 Traguriano
1210 771 1363 857 seriptum
1396 780 1443 834 est

345 895 412 958 cap.
427 873 477 955 31,
496 874 533 937 11
557 875 710 955 „inerunt
734 882 765 937 et
786 872 943 937 tomacula
964 866 1062 958 super
1085 873 1264 938 craticulam
1287 868 1442 937 ferventia

343 982 527 1058 argenteam
540 975 667 1061 posita“
686 996 745 1060 pro
765 973 943 1056 „tomacula
960 974 1115 1037 ferventia
1129 997 1153 1037 s.
1169 997 1210 1037 cr.
1227 998 1257 1037 a.
1270 978 1338 1059 p.,“
1356 973 1439 1057 quod

343 1074 500 1138 Antonius
530 1068 690 1159 reposuit}
724 1096 790 1160 cap.
821 1076 880 1156 59,
905 1074 925 1137 3
955 1096 1051 1154 „eum
1079 1073 1289 1144 Homeristae,
1310 1071 1440 1140 Graecis

342 1175 486 1239 versibus
518 1175 794 1260 colloquerentur,
827 1183 861 1238 ut
892 1174 1068 1238 insolenter
1090 1175 1212 1254 solent,
1248 1174 1302 1238 ille
1324 1195 1440 1237 canora

343 1296 423 1339 voce
445 1275 558 1343 Latine
577 1276 709 1361 legebat
729 1276 871 1341 librum“
894 1297 954 1361 pro
976 1285 1033 1356 „ut
1054 1275 1168 1354 solent,
1187 1275 1242 1339 ille
1263 1275 1439 1338 insolenter

343 1399 368 1440 c.
392 1399 421 1439 v.
444 1374 480 1439 L.
505 1377 526 1441 l.
551 1377 588 1440 l“
617 1377 701 1462 quod
723 1375 877 1441 Nicolaus
901 1375 1053 1440 Heinsius
1076 1375 1219 1438 restituit.
1247 1374 1305 1438 His
1330 1397 1436 1438 exem·

348 1567 543 1582 Ἢ

376 1689 403 1756 1)
424 1689 496 1740 Haud
517 1702 601 1753 pauca
622 1685 753 1737 vocabula
772 1685 943 1748 Petroniana,
963 1700 1030 1750 quae
1052 1686 1208 1736 foedissime
1228 1692 1351 1750 corrupta
1369 1692 1438 1746 aunt,

340 1777 572 1843 alexicograpbis
592 1782 671 1842 atquc
690 1776 820 1850 imprimis
839 1789 854 1824 a
877 1772 984 1824 lllotzio
1004 1775 1062 1823 sine
1087 1773 1143 1824 ullo
1164 1773 1436 1840 scrupulo-tanquam

340 1868 403 1916 satis
421 1863 531 1930 probata
550 1863 731 1930 proferuntur,
753 1868 844 1912 contra
866 1862 959 1912 frastra
980 1877 1104 1928 quaeras,
1124 1877 1192 1928 quae
1211 1862 1260 1912 viri
1280 1862 1352 1911 docti
1376 1876 1437 1910 cer-

339 1954 439 2004 tissima
467 1952 569 2001 ratione
596 1951 775 2002 restituerunt.
826 1947 907 1998 Cuius
935 1950 1041 2015 quidem
1071 1950 1180 2016 generis
1210 1951 1263 1999 duo
1299 1948 1436 2000 luculenta

341 2039 461 2106 exempla
480 2054 627 2106 proponam
650 2055 663 2089 e
683 2052 803 2088 sermone
823 2037 929 2103 vulgari
950 2039 1040 2102 petita.
1061 2035 1205 2103 captat>
1224 2038 1250 2086 in
1271 2035 1436 2104 Traguriano

338 2129 404 2180 haec
432 2129 530 2193 scripta
558 2109 631 2177 sunt}
661 2125 709 2190 ,Et
732 2124 804 2176 Titus
830 2132 921 2176 noster
952 2141 1074 2191 magnam
1102 2127 1218 2176 anianum
1250 2124 1329 2175 habet
1350 2132 1376 2174 et
1396 2132 1437 2175 est

341 2215 504 2266 caldicer
523 2212 654 2276 ebrius,
675 2212 913 2265 atrtbocautillad
929 2213 1004 2264 erit“.
1025 2212 1127 2263 Nauna
1147 2215 1254 2280 quidem
1267 2213 1358 2263 littera
1376 2227 1436 2262 mu-

340 2310 391 2355 tata
411 2299 739 2367 „caldicerebrius“
771 2300 797 2351 id
817 2306 857 2350 est
876 2300 973 2364 „calidi
998 2300 1119 2351 cerebri“
1140 2300 1264 2351 Petronio
1289 2302 1437 2351 restituen-

341 2394 402 2444 dum
423 2406 481 2442 esse
511 2388 635 2440 Heinsius
656 2389 731 2451 vidit,
759 2404 850 2438 verum
878 2389 947 2438 idem
979 2387 1139 2438 uocabulum
1171 2370 1249 2439 etiain
1276 2404 1333 2454 cap.
1354 2386 1438 2454 58,4

341 2495 373 2531 ex
392 2481 525 2544 corruptis
548 2475 704 2544 Tragurium
735 2477 858 2542 vestigiis
888 2478 1048 2527 resuscitare
1074 2476 1203 2543 neglexit.
1250 2475 1307 2526 lloc
1327 2477 1434 2542 quidem

342 2566 413 2630 loco,
434 2566 479 2617 ubi
499 2563 676 2632 Tragurianus
697 2564 762 2614 liaeo
778 2562 870 2614 habet:
891 2563 957 2627 „Vix
977 2579 1018 2614 me
1036 2571 1116 2616 teneo
1137 2572 1162 2614 et
1177 2580 1232 2614 sum
1253 2571 1346 2616 natura
1364 2563 1431 2614 cal-

340 2655 399 2706 dus
419 2655 517 2704 cicer
538 2651 628 2703 eius“
648 2650 758 2702 Jahnius
782 2667 869 2702 veram
889 2653 1045 2718 scripturam
1065 2654 1180 2704 restituit
1198 2653 1332 2720 simulque
1352 2668 1432 2716 „nec

340 2741 411 2794 sum“
432 2742 566 2804 correxit,
593 2739 697 2807 qualem
725 2742 896 2806 negationem
925 2748 952 2790 et
971 2743 1118 2792 sententiae
1138 2757 1255 2792 conexas
1275 2742 1387 2808 requirit
1408 2747 1433 2790 et

341 2846 409 2899 quae
429 2830 473 2880 hic
492 2828 550 2895 ipse
570 2827 680 2878 libertus
700 2828 733 2878 de
753 2827 845 2878 indole
864 2844 911 2878 sua
930 2829 1067 2894 profitetur
1096 2845 1152 2895 rap.
1174 2828 1217 2891 57,
1242 2829 1259 2882 3
1289 2829 1360 2893 „Non
1391 2843 1433 2879 me

340 2917 455 2970 Hercule
480 2916 556 2967 soleo
585 2917 638 2966 cito
676 2913 807 2965 fervere“.
845 2914 942 2966 Eadem
963 2918 1067 2967 ratione
1087 2916 1197 2968 alterum
1218 2932 1328 2984 quoque
1350 2932 1433 2967 rocu-

340 3004 429 3056 bulam
462 3003 565 3055 duobus
589 3002 668 3052 'loeis
696 3002 819 3053 similiter
847 3011 999 3070 corruptum
1027 3006 1163 3070 proditur,
1188 3021 1300 3072 quorum
1332 3007 1432 3070 primus

341 3109 398 3160 cap.
412 3091 456 3154 62,
468 3090 484 3142 2
495 3091 608 3158 legitur:
631 3090 742 3154 „Nactus
753 3091 821 3160 ego“
836 3118 870 3126 —
890 3091 996 3158 ergo?
1014 3119 1048 3130 -
1067 3096 1263 3156 „occasionem,
1282 3093 1431 3159 persuadeo

340 3181 471 3246 hospitem
503 3186 635 3242 nostrum,
662 3186 689 3228 ut
712 3195 814 3231 mecum
841 3181 872 3231 ad
902 3182 1022 3248 quintum
1050 3181 1206 3232 milliarium
1235 3184 1343 3243 veniat;
1378 3189 1433 3232 erat

341 3275 425 3320 autem
438 3267 514 3319 miles
527 3268 601 3318 fortis
616 3274 738 3334 tanquam
753 3267 835 3318 Orcus
854 3284 892 3334 ap
904 3284 918 3318 o
928 3268 1030 3320 culan
1042 3272 1048 3319 i
1058 3285 1073 3318 u
1085 3285 1096 3319 s
1117 3285 1164 3320 nos
1180 3271 1250 3320 circa
1261 3268 1429 3336 gallicinia“.

340 3355 449 3408 Doctum
480 3354 583 3405 Heinsii
612 3357 792 3406 coniecturam
825 3355 923 3419 „Orcus
950 3355 1198 3407 Pacuvianus“·
1216 3359 1314 3407 iniuria
1347 3372 1432 3423 nuper

339 3443 482 3507 l‘rellerus,
501 3443 641 3494 Rdmiscbe
667 3442 813 3510 ilytholog.
834 3459 858 3510 p.
885 3441 938 3494 454
964 3460 1051 3494 rursus
1072 3444 1199 3511 protulit,
1225 3461 1283 3496 uam
1310 3445 1431 3510 prolecto

338 3533 445 3583 minime
465 3530 605 3597 probabile
625 3539 671 3593 est,
692 3516 839 3596 simplieeln
860 3531 983 3582 libertum
1003 3533 1036 3583 de
1046 3531 1163 3584 Pacuvio
1184 3541 1261 3598 poeta
1282 3534 1429 3600 quidquam

338 3621 483 3674 audivisse.
519 3619 604 3670 Aliam
624 3620 706 3687 igitur
725 3620 794 3670 viam
815 3617 956 3670 Reiuesius
977 3621 1112 3688 ingressus
1137 3629 1185 3684 est,
1204 3623 1248 3688 qui
1281 3636 1431 3687 „apocu-

340 3707 463 3759 lamus“
485 3706 510 3757 id
531 3715 570 3757 est
596 3723 643 3770 „ex
666 3705 752 3757 oeulis
782 3723 829 3758 nos
857 3721 1033 3771 removemus,
1054 3708 1231 3759 discedimus“
1259 3708 1426 3759 scribendum

340 3812 398 3848 esse
420 3794 570 3846 dubitanter
587 3797 712 3846 coniecit.
751 3795 785 3846 At
810 3795 861 3846 hoc
888 3797 1000 3846 invento
1021 3796 1088 3846 nibil
1109 3797 1207 3846 certius
1232 3812 1291 3846 csse
1319 3796 1431 3847 denton-

340 3890 422 3936 strant
440 3899 509 3951 quae
529 3897 586 3948 cap.
608 3880 676 3947 67,2
696 3882 835 3950 leguntur:
865 3883 933 3946 „Sed
952 3899 1030 3934 narra
1057 3884 1139 3946 mihi,
1159 3882 1215 3946 Gai,
1237 3883 1430 3950 rogo,l⁴'ortu-

339 3982 399 4026 nuta
414 3989 496 4040 quare
512 3987 566 4023 non
577 3968 730 4022 recumbit?
751 3970 890 4032 Quomodo
902 3973 973 4023 nosti
993 3971 1075 4035 illam,
1093 3972 1181 4038 inquit
1201 3970 1432 4032 l'r·imal‘cbio“,-

339 4062 456 4114 itabaec
475 4059 555 4111 verba
576 4060 789 4127 interpungenda
809 4066 883 4121 sunt;
914 4060 1021 4128 vulgata
1049 4062 1187 4112 distinctio
1213 4063 1302 4128 inepta
1330 4069 1384 4125 est,
1404 4069 1432 4111 ut

340 4151 437 4203 multae
467 4149 536 4200 aliae
563 4149 625 4199 huic
645 4148 768 4214 scriptori
790 4147 821 4197 ab
842 4129 990 4198 editoribus
1012 4147 1134 4198 obtrusae
1153 4174 1187 4186 —
1206 4150 1272 4213 „nisi
1294 4157 1429 4217 argentam

340 4238 535 4305 composuerit,
556 4274 562 4287 .
584 4271 591 4287 .
613 4274 618 4287 .
643 4251 736 4303 aquam
756 4237 782 4286 iu
803 4251 832 4286 os
850 4252 924 4286 sarum
946 4251 997 4286 non
1018 4237 1143 4286 coniciet.
1181 4238 1273 4304 Atqui,
1292 4238 1431 4304 respondit

339 4326 488 4389 Habinnas,
517 4327 567 4377 nisi
588 4325 634 4376 illa
654 4326 801 4389 recumbit,
826 4316 940 4394 ego‘me
959 4326 1133 4393 apocalo“.
1171 4327 1245 4379 Hunc
1264 4328 1351 4380 locum
1371 4345 1428 4380 cram

339 4414 422 4466 altero
434 4429 598 4482 comparasse
609 4421 688 4480 atque
709 4430 738 4478 „a
747 4430 762 4480 p
771 4430 786 4465 o
795 4430 809 4464 c
818 4432 831 4465 u
841 4416 847 4466 1
858 4420 889 4466 o*
910 4417 972 4468 inde
995 4420 1146 4484 reposuisse
1159 4418 1288 4470 Schelieri
1309 4420 1428 4469 meritum

339 4510 387 4556 est.
404 4503 439 4555 ct.
458 4502 548 4555 Reislr.
566 4501 716 4555 bliscellan.
730 4501 861 4569 Lipsieus.
881 4520 945 4557 nov.
965 4505 1020 4557 vol.
1041 4505 1085 4572 Vl,
1104 4522 1129 4573 p.
1148 4506 1208 4561 sot.
