3542 5292
843 540 884 634 es

317 718 496 784 scuritatem
520 717 696 804 coniungit.
740 719 855 785 Mirum
877 721 962 786 enim
985 730 1033 786 est
1043 770 1054 802 ,
1087 722 1173 807 quod
1196 721 1326 786 Iahnius
1348 722 1412 808 sig·

319 819 466 901 nificavit,
492 819 580 905 quod
601 843 630 882 v.
656 820 695 883 12
717 819 832 905 Medea
852 822 1017 904 ,saeris“
1043 832 1149 888 tauros
1171 824 1315 909 placasse
1337 822 1412 888 dici·

317 919 368 986 tur'
390 922 451 985 nec
472 921 577 985 minus
600 921 733 1002 mirum,
755 923 841 1008 quod
866 946 945 1010 saga
966 949 997 987 v.
1018 925 1057 988 15
1079 923 1243 1002 „Idaeos
1266 923 1413 989 frutices“

317 1043 395 1111 prae
418 1021 532 1087 ceteris
554 1043 660 1086 amare
681 1022 817 1093 videtur.
856 1025 965 1110 Atque
989 1025 1051 1090 hoc
1080 1025 1209 1110 quidem
1235 1025 1413 1111 plantarum

318 1145 423 1210 genus
454 1122 551 1209 plane
579 1145 697 1188 novum
726 1124 790 1190 iem
821 1124 943 1190 dudum
975 1126 1150 1192 editoribus
1182 1148 1307 1191 summo
1340 1126 1420 1192 iure

319 1233 503 1312 suspectum
528 1233 593 1288 erat
608 1272 617 1305 ,
655 1226 713 1290 sed
745 1250 816 1291 cum
839 1227 879 1292 de
905 1227 1013 1293 indole
1035 1229 1151 1292 horum
1174 1250 1325 1294 versuum
1347 1250 1412 1292 non

317 1336 404 1391 recte
425 1326 617 1407 iudicarent,
641 1326 711 1392 fieri
732 1349 796 1391 non
818 1332 938 1415 potuit,
968 1330 1044 1412 quin
1066 1331 1166 1394 frusta
1183 1317 1323 1417 ‘ingenia
1349 1339 1412 1394 tor-

319 1436 463 1514 querent.
505 1427 573 1495 Sed
607 1428 748 1492 nondum
772 1430 876 1494 omnia
896 1429 1159 1516 percensuimus,
1193 1431 1306 1516 quibus
1328 1430 1412 1496 fides

317 1529 433 1593 horum
454 1549 609 1593 versuum
640 1528 823 1615 impugnari
851 1529 961 1617 possit.
1004 1531 1103 1611 Nam,
1138 1530 1224 1616 quod
1252 1552 1410 1595 summum

320 1639 366 1695 est
377 1677 387 1711 ,
409 1652 465 1693 our
486 1630 613 1693 tandem
634 1630 763 1709 Medea,
799 1629 910 1711 Circe,
940 1632 1074 1696 Proteus
1098 1631 1411 1697 commemorantur?

318 1729 433 1795 Nonne
457 1753 536 1816 quae
557 1739 653 1818 poeta
676 1732 717 1797 de
736 1732 798 1797 illis
820 1741 925 1797 narrat
946 1755 1080 1819 prorsus
1101 1735 1203 1798 aliena
1217 1742 1290 1798 sunt
1307 1756 1325 1797 a
1340 1754 1413 1797 oon-

320 1830 391 1896 silio
413 1831 508 1896 huius
532 1833 688 1914 carminis,
706 1856 770 1920 quo
783 1856 865 1920 saga¹
879 1857 969 1899 suam
982 1834 1083 1921 ipsius
1095 1844 1282 1920 potestatem
1304 1834 1414 1899 adum-

301 1930 417 1998 'brare
439 1933 498 1998 sibi
519 1935 694 2023 proponit?
738 1937 825 2001 Haeo
847 1935 952 2001 omnia
973 1935 998 1999 si
1018 1937 1227 2022 reputaveris,
1251 1958 1316 2000 non
1337 1944 1414 2021 puto

323 2035 480 2101 dubitabis
513 2058 570 2101 sex
593 2035 712 2103 ultimis
742 2038 888 2103 versibus
923 2038 1030 2102 eiectis
1052 2038 1204 2117 carmini,
1238 2037 1324 2124 quod
1346 2047 1412 2100 tum

324 2138 454 2202 demum
476 2137 682 2222 gravissimae
694 2139 743 2203 rei
765 2140 1065 2204 commemoratione
1085 2139 1197 2205 ultimo
1222 2139 1293 2205 loco
1314 2138 1417 2226 posita

325 2247 397 2325 apte
422 2237 632 2320 concluditur,
653 2239 821 2325 pristinum
842 2240 977 2304 nitorem
1000 2241 1181 2305 restituere.

365 2339 486 2420 Restat,
500 2348 535 2404 ut
554 2363 655 2426 pauca
674 2340 715 2404 de
739 2342 784 2405 eis
798 2363 954 2422 moneam,
973 2363 1054 2427 quac
1068 2341 1275 2427 interpolator
1286 2340 1417 2406 aliunde

322 2441 356 2504 in
378 2464 473 2505 usum
494 2464 586 2505 suum
610 2442 772 2506 convertit.
808 2444 916 2527 Atque
930 2442 963 2505 in
977 2441 1094 2506 ultimis
1114 2441 1261 2507 versibus
1283 2443 1416 2506 fortasse

323 2563 447 2606 memor
471 2551 538 2607 erat
557 2542 652 2607 huius
673 2565 786 2608 versus
810 2566 876 2630 cap.
894 2544 963 2623 127,
990 2544 1009 2606 9
1037 2527 1179 2624 ,Idaeo
1204 2542 1315 2628 quales
1338 2542 1417 2607 fudit

322 2643 363 2708 de
384 2643 549 2707 vertice
565 2643 688 2708 floreat
711 2644 811 2708 Porro
825 2644 996 2731 adpellatio
1008 2643 1211 2726 ,Phoebeia“,
1226 2666 1319 2728 quam
1335 2642 1418 2710 Circi

320 2743 429 2810 tribuit
452 2745 543 2807 v..122
555 2791 565 2826 ,
588 2744 698 2809 lectori
719 2745 753 2808 in
775 2745 913 2810 animum
943 2754 1092 2826 revocat,
1126 2766 1206 2830 quae
1234 2744 1328 2810 Circe
1354 2743 1417 2807 En-

230 2860 232 2864 '
322 2845 416 2931 colpii
434 2844 533 2910 amica
555 2868 622 2932 cap.
646 2847 715 2926 127,
736 2847 755 2908 6
775 2846 931 2932 loquitur:
951 2847 1023 2928 ,Ita,
1045 2846 1156 2932 inquit,
1171 2868 1235 2910 non
1260 2845 1343 2909 dixit
1357 2844 1413 2910 tibi

323 2946 436 3018 ancilla
452 2967 537 3027 mea,
563 2946 719 3012 Circen
741 2969 794 3012 mo
817 2947 951 3011 vocari?
973 2947 1048 3012 Non
1067 2970 1138 3012 sum
1160 2946 1289 3033 quidem
1310 2945 1417 3010 solis

321 3047 572 3135 progenies“
594 3069 621 3111 e.
646 3069 675 3133 q.
698 3072 723 3112 s.
758 3047 826 3114 Sed
847 3047 975 3112 imitatio
1000 3048 1085 3113 haud
1116 3048 1158 3111 ita
1178 3047 1350 3134 perspicua
1373 3056 1418 3112 cst

322 3171 429 3236 neque
451 3170 511 3236 per
533 3169 568 3212 se
592 3149 758 3235 probabile
780 3148 907 3214 videtur
938 3149 1199 3236 interpolatorem
1220 3148 1261 3212 ad
1281 3149 1340 3213 hos
1359 3149 1418 3213 Pe·

314 3249 417 3315 tronii
444 3250 533 3316 locos
556 3250 741 3337 refugisse,
773 3273 846 3316 nam
878 3252 970 3316 etiam
1002 3250 1078 3315 alias
1108 3272 1159 3315 res
1183 3260 1418 3332 commemorat,

324 3375 457 3439 quarum
489 3352 628 3416 notitiam
643 3427 645 3430 ¹
660 3375 725 3416 non
755 3353 855 3436 potuit
898 3373 940 3416 ex
971 3352 1120 3417 Petronio
1153 3351 1291 3416 haurire.
1358 3351 1417 3415 Ita·

325 3475 389 3540 que
411 3454 520 3546 inepto
542 3453 589 3516 illi
606 3452 821 3534 versificatori,
847 3475 943 3539 quom
966 3476 1062 3539 supra
1082 3452 1340 3540 perstrinximus,
1360 3453 1420 3517 hos

323 3578 436 3643 versus
456 3578 521 3621 non
540 3555 685 3620 tribuam.
748 3555 866 3620 Contra
897 3555 930 3617 in
966 3555 1076 3620 oeulos
1112 3555 1244 3618 incurrit
1275 3553 1421 3619 similitu·

278 3699 281 3706 ·
325 3657 381 3738 de,
414 3679 495 3743 quae
529 3656 612 3720 inter
643 3677 773 3721 versum
806 3656 845 3721 13
869 3665 901 3720 et
921 3677 1050 3720 versum
1075 3655 1298 3742 Vergilianum
1321 3657 1419 3720 inter-

325 3757 409 3823 cedit
428 3758 489 3822 iam
513 3761 550 3825 ab
580 3758 753 3824 editoribus
775 3758 808 3822 in
829 3757 1096 3845 comparationem
1129 3766 1275 3822 vocatum
1303 3755 1419 3843 Eelog.

325 3858 413 3940 VIII,
436 3861 477 3924 70
511 3857 732 3940 ,Carminibus
767 3858 859 3946 Circe
890 3858 992 3924 socios
1018 3857 1151 3923 mutavit
1180 3857 1295 3925 Ulixi‘t
1352 3855 1420 3922 Iam

326 3980 403 4024 vero
437 3983 509 4025 eum
538 3960 623 4026 idem
654 3982 767 4026 versus
790 3959 997 4047 Vergilianus
1028 3960 1119 4024 etiam
1141 3959 1255 4046 parieti
1277 3960 1420 4047 Pompe-

325 4060 415 4124 ianae
451 4059 620 4147 inscriptus
658 4063 719 4143 sit,
752 4103 789 4111 —
822 4063 861 4127 cf.
897 4060 1041 4148 Inscript
1071 4061 1182 4146 Pomp.
1209 4060 1259 4157 ed.
1281 4056 1421 4126 ‘Words

325 4160 429 4224 worth
457 4182 488 4246 p.
510 4160 539 4227 4.
561 4200 600 4210 -
623 4160 751 4226 Iahnius
779 4163 865 4226 hunc
887 4183 1017 4226 versum
1037 4161 1100 4224 iam
1123 4160 1252 4245 antiquo
1275 4169 1421 4246 ternpore

325 4259 358 4325 in
379 4259 542 4347 proverbii
566 4262 706 4348 speciem
740 4252 855 4329 abiisse
890 4271 984 4347 atque
1018 4261 1060 4325 ita
1092 4259 1310 4347 interpolatori
1332 4261 1422 4326 inuo-

325 4360 423 4427 tuissc
456 4363 634 4448 suspicatus
669 4371 724 4430 est.
768 4363 849 4437 Inde
878 4362 980 4448 igitur
1015 4370 1228 4447 consequatur
1260 4362 1319 4426 hos
1350 4383 1420 4425 ver-

328 4487 382 4529 sus
417 4487 459 4530 ex
499 4463 677 4551 antiquiore
712 4472 814 4529 aetate
850 4463 1046 4551 repetendos
1086 4485 1168 4529 esse.
1222 4461 1331 4548 Atque
1360 4460 1422 4528 iam
