3542 5292
925 535 966 598 32

386 718 523 804 vestigia
558 719 591 782 in
621 740 771 784 sermone
798 719 917 783 rustico
949 719 1140 784 Petroniano
1168 724 1326 797 servata¹)
1374 721 1494 789 Stude-

385 842 451 900 rus,
475 841 546 883 nov.
574 821 652 885 Mus.
674 819 818 885 Rhenan.
841 819 870 882 ll
883 843 913 905 p.
930 822 968 883 77
991 841 1037 904 sq.
1061 820 1225 906 conligere
1253 822 1380 905 studuit,
1406 824 1493 911 apud

291 931 295 935 ’
386 919 522 987 Sextum
555 919 737 1007 Turpilium
771 919 951 1001 invenitur,
983 920 1135 986 Ribbeck.
1166 924 1225 987 rel.
1262 925 1409 992 cornicor.
1431 923 1492 990 La-

385 1019 477 1085 tinor.
511 1043 542 1107 p.
567 1020 623 1083 89:
653 1042 734 1106 ,ego
767 1021 895 1085 interim
930 1021 963 1084 in
994 1023 1088 1085 turbt
1119 1023 1204 1087 foras
1234 1023 1382 1092 Subddxi
1417 1047 1492 1090 cum

385 1121 445 1186 hae
465 1143 517 1186 me
538 1124 644 1207 neque
676 1130 735 1185 sat
770 1143 942 1186 nurnero
966 1122 1042 1185 milri
1067 1121 1198 1187 videbar
1221 1129 1376 1191 cdrmre‘t
1422 1127 1490 1190 lam

385 1222 516 1286 veroin
538 1244 697 1306 nugarum
720 1222 1020 1286 commemoratione
1051 1222 1275 1308 ludimagister
1297 1225 1401 1289 subito
1428 1225 1490 1289 ira·

368 1322 501 1387 cundia
524 1322 712 1390 exardescit,
737 1345 831 1408 quarn
854 1321 1072 1408 praedictione
1094 1322 1230 1387 effundit
1252 1346 1364 1388 omnes
1387 1325 1490 1390 homi·

384 1443 442 1486 nea
477 1422 568 1487 nihili
603 1425 683 1487 fore.
738 1423 818 1487 Nam
850 1445 963 1504 ,nemo
995 1423 1150 1510 dupondii
1176 1424 1306 1489 evadot‘
1328 1424 1414 1489 idern
1439 1437 1489 1490 est

278 1556 280 1560 r
384 1532 479 1609 atque
503 1545 615 1604 ,nemo
637 1523 736 1588 ullius
758 1523 853 1611 pretii
878 1524 1018 1604 evadet“,
1041 1534 1075 1588 ut
1104 1533 1193 1589 recte
1218 1524 1407 1592 Schefferus
1430 1548 1488 1590 ex-

385 1625 525 1712 plicarit.
549 1626 588 1690 cf.
611 1649 678 1712 cap.
702 1627 753 1705 58,
777 1627 798 1688 4
819 1634 971 1709 ,matrem
993 1648 1098 1690 meam
1115 1625 1272 1713 dupondii
1294 1650 1359 1692 non
1380 1627 1489 1691 leoio“.

385 1748 451 1813 cap.
462 1725 513 1807 58,
527 1724 725 1807 b,d0minus
739 1726 996 1812 dupondiarius‘t
1017 1751 1085 1813 cap.
1102 1731 1151 1809 74,
1173 1731 1212 1794 15
1234 1728 1348 1811 ,homo
1363 1728 1488 1814 dupon-

384 1825 527 1891 diarius“.
570 1826 656 1891 Illud
686 1826 892 1908 ,didicimus“
913 1831 1068 1893 absolute
1105 1830 1247 1916 positum
1271 1839 1339 1909 cst,
1361 1838 1397 1893 ut
1420 1851 1489 1915 cap.

382 1927 434 2008 46,
447 1927 466 1989 8
478 1927 596 2009 ,Vides
608 1929 814 1994 Phileronem
841 1930 1046 2010 causidicum,
1069 1931 1095 1994 si
1118 1954 1182 1997 non
1201 1930 1373 2011 didicisset,
1389 1929 1489 1993 hodie

383 2029 538 2091 semema
562 2029 659 2094 labris
682 2053 747 2094 non
767 2031 940 2117 abigeret“.
963 2031 1193 2111 ,Maledicere“
1214 2055 1286 2096 cum
1306 2029 1487 2095 accusativo

384 2128 605 2215 coniungitur,
635 2139 669 2194 ut
697 2154 763 2218 cap.
787 2131 848 2211 96,
868 2134 897 2195 7.
921 2133 976 2213 74,
1000 2135 1029 2195 9.
1073 2132 1142 2200 Sed
1181 2135 1315 2197 fortasse
1345 2131 1386 2195 ita
1411 2129 1490 2195 scri·

383 2232 460 2295 bere
475 2238 631 2316 praestat:
652 2230 774 2313 ,Nemo
787 2231 942 2319 dupondii
957 2233 1112 2313 evasit“,
1136 2243 1171 2296 ut
1190 2233 1266 2297 iude
1289 2235 1327 2298 ab
1344 2232 1393 2296 his
1413 2252 1488 2296 ver·

382 2331 431 2397 bis
456 2331 554 2397 oratio
576 2332 676 2418 ipsius
698 2331 803 2397 liberti
825 2355 938 2396 rursus
962 2332 1098 2418 incipiat,
1112 2332 1166 2418 qui
1187 2353 1222 2396 se
1245 2325 1488 2416 condiscipulis,

384 2433 437 2518 qui
477 2455 638 2518 nunquam
682 2454 750 2497 rem
793 2426 927 2497 fecerint
962 2432 1106 2517 gloriose
1145 2442 1294 2520 opponat.
1363 2430 1489 2494 Verum

382 2541 487 2598 tacere
515 2535 591 2598 nolo
620 2533 754 2620 primam
780 2556 873 2618 quam
894 2533 1049 2619 proposui
1077 2533 1290 2605 coniecturam
1320 2531 1487 2617 mihiipsi

382 2656 446 2697 non
465 2657 600 2721 prorsus
623 2633 782 2714 sulficere,
796 2657 868 2699 cum
890 2636 1023 2699 verbum
1033 2634 1166 2714 ,facies“
1185 2633 1248 2697 illis
1260 2641 1326 2713 ,sat
1346 2651 1487 2695 numero

382 2735 532 2821 mapalia“
552 2744 660 2799 mente
677 2735 862 2801 addendum
883 2736 944 2816 sit,
975 2736 1009 2799 id
1038 2735 1126 2820 quod
1155 2733 1375 2805 duriusculum
1406 2752 1485 2796 esse

383 2837 495 2902 sentio.
538 2835 576 2900 Id
598 2845 705 2902 tamen
734 2836 811 2900 mihi
835 2857 1025 2921 persuasum
1054 2846 1103 2901 est
1135 2836 1217 2900 viam
1246 2855 1338 2898 ame
1363 2831 1487 2897 indica-

383 2945 447 3001 tam
468 2937 565 3001 unice
589 2956 699 3001 veram
723 2958 805 3001 esse.

424 3038 516 3103 Idem
544 3038 679 3103 libertus
718 3036 888 3121 Ascyltum
925 3035 1163 3117 adversarium,
1201 3034 1255 3121 qui
1288 3034 1489 3100 stomachum

385 3140 412 3203 ei
446 3138 565 3219 movit,
598 3162 664 3225 cap.
689 3138 801 3218 57,4
836 3136 947 3224 paullo
985 3135 1151 3201 obscurius
1186 3135 1235 3199 his
1270 3134 1378 3199 verbis
1411 3155 1497 3219 per·v

384 3240 520 3326 stringit,
544 3262 625 3325 quoe
656 3240 769 3325 scripsi
797 3237 976 3302 secundum
1000 3236 1255 3322 Tragurianum:
1275 3235 1382 3316 ,ridet
1408 3233 1489 3371 qluid

917 3325 925 3336 “
1368 3327 1410 3385 arl‘
1434 3339 1490 3373 ena

384 3394 480 3460 habet
515 3394 602 3480 quod
632 3392 762 3456 rideat?
796 3392 952 3477 numquid
988 3399 1078 3478 pater
1110 3393 1227 3455 factum
1256 3388 1357 3454 emit?
1388 3390 1489 3455 lana

386 3518 486 3582 eques
512 3496 673 3560 Romanus
699 3498 759 3558 es“.
803 3491 945 3558 Oculatis
969 3491 1025 3573 cis,
1049 3491 1163 3576 quibus
1178 3489 1327 3557 Gitonem
1347 3509 1490 3575 puerum

385 3619 454 3684 cap.
479 3595 531 3677 58,
557 3595 576 3658 8
598 3593 795 3680 adloquitur:
817 3594 875 3677 ,ad
898 3615 1053 3658 summam
1076 3590 1198 3678 siquid
1221 3591 1269 3654 vis
1292 3612 1364 3675 ego,
1388 3596 1418 3652 et
1451 3596 1490 3654 tu

385 3697 647 3784 sponsiunculam
671 3696 723 3760 exi
747 3696 787 3761 de
813 3696 883 3760 fero
906 3696 1039 3759 launa.
1083 3694 1147 3757 Iam
1162 3691 1242 3756 scies
1261 3698 1490 3777 patremtuum

420 3931 448 4000 1)
470 3933 498 3984 ln
531 3933 649 3984 eiusdem
678 3931 768 3982 liberti
792 3931 914 3980 oratione
945 3943 1002 3993 cap.
1024 3925 1067 3990 57,
1087 3925 1122 3978 10
1145 3941 1194 3992 pro
1214 3926 1292 3991 ,orati
1314 3922 1391 3986 isto“‚
1411 3927 1489 3990 quod

385 4021 562 4091 Tragurianus
582 4019 661 4071 habet
680 4035 737 4070 cum
758 4017 905 4068 ttunclero
932 4015 1100 4066 scribendum
1127 4022 1167 4064 est
1196 4010 1391 4078 ,nratosto‘t
1428 4010 1491 4065 lloc

385 4111 521 4178 antiquum
541 4125 600 4160 esse
621 4106 781 4160 vocabulum
797 4101 914 4172 ,55ιί55α
934 4112 959 4154 et
974 4103 1116 4169 ,Maiesto“
1129 4101 1296 4158 nominalium
1311 4098 1490 4151 allunclero

386 4200 412 4249 in
434 4199 662 4263 comparationem
693 4201 788 4246 vocata
818 4193 1007 4244 demonstrant.
1055 4189 1154 4242 Ibidem
1186 4188 1350 4256 Tragurieno
1380 4195 1490 4239 ser-vata

386 4293 425 4336 est
451 4293 551 4337 vetusta
575 4285 658 4336 loturo
677 4278 875 4352 ,dignit-ossus“
906 4295 1046 4348 perperam
1073 4279 1119 4329 illa
1140 4278 1171 4328 ab
1199 4277 1350 4329 editoribus
1377 4283 1491 4330 inritatu.

387 4373 426 4425 De
438 4374 594 4439 „s“litterae
608 4373 788 4441 geminatione
805 4371 839 4422 cl.
861 4369 888 4418 G.
909 4369 1034 4420 Schmitz.
1055 4383 1117 4417 nov.
1137 4366 1202 4417 llus.
1221 4365 1340 4417 Rhenun.
1362 4362 1416 4415 vol.
1437 4362 1488 4429 xl,

386 4477 411 4528 p.
431 4460 492 4515 301.
515 4459 671 4512 Buecheler.
687 4461 772 4511 eiusd.
792 4459 856 4510 llus.
877 4457 931 4509 vol.
951 4454 1009 4520 llll,
1029 4471 1054 4521 p.
1068 4453 1132 4507 132.
