3542 5292
804 538 846 603 35

274 742 394 786 nomen
418 745 489 786 cum
504 719 641 785 Heinsio
655 720 885 807 reposuissem,
907 719 936 797 *si
961 719 1038 804 quid
1051 719 1280 807 repperissem,
1296 720 1382 806 quod

277 842 317 886 ex
341 821 533 907 Traguriani
556 821 713 906 scriptura
733 818 845 907 ,ipim“
869 819 987 883 certius
1009 819 1132 883 restitui
1154 842 1250 906 posse
1273 819 1379 882 videa-

272 931 334 985 tur.
358 922 469 986 Restat
491 920 631 1006 denique
657 920 879 985 foedissimum
907 919 1058 984 mendum
1082 920 1260 1000 ,caecitus“,
1291 918 1379 1004 quod

276 1022 334 1086 etsi
358 1030 444 1086 certo
467 1021 639 1086 emendare
670 1043 734 1085 non
755 1043 908 1107 possum,
938 1030 1045 1084 tamen
1076 1020 1240 1084 inventum
1251 1040 1360 1083 meum

276 1123 500 1208 qualecunque
531 1123 680 1208 prolerre
715 1123 850 1185 fortasse
882 1142 947 1183 non
975 1119 1087 1184 inutile
1112 1119 1179 1184 erit.
1225 1120 1276 1184 Ae
1302 1116 1378 1205 quid

222 1292 224 1295 ,
276 1244 385 1287 rerum
412 1222 551 1288 conexui
574 1223 749 1303 conveniat,
763 1222 794 1284 id
819 1221 938 1307 optime
955 1220 1107 1285 Heinsius
1128 1221 1306 1308 perspexit,
1328 1219 1404 1284 eui=

274 1323 501 1409 ,hyacinthus“
523 1324 665 1389 scribere
692 1322 825 1407 placuit;
855 1332 943 1410 patet
968 1323 1051 1388 enim
1075 1345 1093 1387 e
1114 1321 1305 1409 Traguriani
1325 1342 1378 1385 ve·

275 1423 375 1511 stigiis
387 1425 627 1490 translationem
640 1446 711 1489 esse
726 1423 912 1504 eruendam,
927 1447 1009 1510 quae
1034 1424 1152 1488 eodem
1174 1424 1244 1487 fere
1265 1422 1378 1487 redeat

278 1535 373 1612 atque
406 1548 471 1591 vox
500 1525 749 1609 ,margaritum‘t
789 1524 875 1590 Talis
908 1526 1071 1590 translatio
1100 1548 1172 1589 cum
1203 1522 1378 1610 suspitione

276 1626 452 1692 Heinsiana
487 1627 706 1716 exprimatur,
743 1627 775 1691 in
807 1649 845 1692 ea
868 1627 1078 1712 adquiescere
1100 1648 1166 1691 non
1188 1624 1377 1704 dubitarem,

277 1727 338 1793 nisi
360 1728 442 1793 iusto
463 1728 594 1815 longius
616 1729 774 1795 recedere
798 1728 873 1793 mihi
895 1729 1060 1793 videretur
1082 1753 1100 1792 a
1121 1727 1235 1794 litteris
1257 1725 1290 1790 in
1302 1726 1379 1791 Tra-

279 1829 413 1916 guniano
436 1830 582 1897 exaratis.
627 1830 739 1914 Itaque
770 1830 912 1895 scribere
943 1829 1050 1895 malim
1077 1819 1193 1911 ,nostri
1225 1828 1378 1893 delicatus

280 1927 433 2009 decessit,
462 1951 514 1994 me
537 1929 696 1994 Hercules
728 1929 946 2013 margaritum,
971 1930 1212 2015 galactites,
1238 1929 1378 1993 omnium

279 2037 477 2094 numerum“.
523 2029 683 2117 Exempla
706 2030 852 2115 quidem,
873 2029 987 2115 quibus
1010 2030 1081 2094 talis
1103 2030 1265 2095 translatio
1288 2051 1379 2093 voca-

280 2134 350 2198 buli
371 2131 570 2218 ,galactitest
595 2134 823 2219 comprobetur
829 2180 839 2213 ,
872 2154 937 2196 non
964 2130 1093 2212 inveni,
1126 2130 1185 2196 sed
1206 2129 1282 2195 mihi
1305 2153 1378 2196 eon·

280 2233 379 2299 cedes
413 2255 567 2323 puerum!
593 2233 799 2297 delicatulum
841 2233 972 2298 nomine
1004 2232 1092 2298 illius
1128 2232 1245 2319 lapidis
1280 2232 1378 2318 longe

280 2334 461 2416 tenerrimi,
485 2335 527 2400 de
558 2326 621 2420 quo
647 2333 769 2402 Plinius
795 2335 896 2398 refert
918 2343 980 2397 nat.
1003 2334 1113 2398 histor.
1132 2332 1305 2413 XXXVII,
1328 2332 1379 2412 59,

281 2437 400 2525 optime
420 2457 518 2524 posse
534 2435 717 2521 significari.
755 2433 852 2500 Certe
873 2456 938 2499 non
952 2434 1068 2498 desunt
1089 2433 1211 2513 similia,
1235 2455 1315 2518 quae
1339 2431 1380 2497 de

279 2537 382 2601 forma
408 2543 520 2600 tenera
551 2558 587 2600 ac
629 2534 762 2599 delicata
794 2534 946 2600 dicantur.
984 2535 1023 2598 cf.
1053 2533 1134 2600 Eun.
1167 2533 1218 2599 ed.
1238 2533 1375 2599 Vahlen.

271 2659 305 2724 p.
330 2637 372 2701 53
405 2635 462 2718 ,Et
483 2637 580 2701 simul
601 2637 728 2701 erubuit
761 2636 876 2701 lacte
898 2644 928 2700 et
949 2635 1232 2723 purpuramixta“.
1261 2634 1377 2701 Catull.

278 2737 331 2819 55,
355 2739 393 2802 17
415 2759 509 2820 ,num
532 2746 563 2802 te
585 2737 800 2803 lacteolae
819 2747 930 2802 tenent
950 2738 1079 2825 puellae
1090 2737 1124 2801 Ἃ
1166 2738 1267 2800 Varro
1290 2733 1375 2823 apud

276 2838 418 2904 Nonium
452 2862 485 2926 p.
516 2838 555 2902 27
586 2838 884 2924 ,Chrysosandalos
918 2840 1001 2905 locat
1034 2840 1092 2906 sibi
1125 2838 1293 2903 amiculam
1329 2835 1379 2900 de

276 2939 387 3004 lacte
420 2949 453 3004 et
486 2962 558 3005 cera
592 2938 789 3006 Tarentina“.
849 2940 1010 3027 Exempla
1045 2939 1192 3004 adieetivi
1222 2938 1378 3020 ,lacteus“

276 3039 422 3105 similiter
443 3042 588 3128 usurpati
604 3040 679 3105 vide
701 3040 786 3125 apud
799 3039 981 3106 Bentleium
1005 3040 1045 3104 ad
1056 3040 1166 3104 Horat.
1179 3062 1274 3104 carm.
1291 3038 1317 3119 I,
1329 3037 1379 3102 13.

276 3140 429 3226 Denique
450 3163 568 3205 moneo
596 3163 649 3205 me
681 3140 842 3205 delevisse
866 3146 933 3221 ,et“
952 3140 1139 3227 particulam
1163 3178 1203 3189 -
1225 3149 1282 3219 ,et
1313 3160 1378 3204 om-

276 3239 366 3304 niurn
383 3247 572 3306 numerum“
593 3281 634 3290 -—
657 3265 729 3307 eum
752 3241 845 3305 nimis
867 3239 1023 3327 languida
1054 3241 1093 3305 sit
1121 3249 1284 3326 totamque
1315 3238 1378 3302 vim

277 3338 525 3406 enumerationis
546 3340 673 3427 perdat.
721 3343 759 3405 cf.
785 3364 852 3428 cap.
876 3341 961 3421 68st
983 3339 1087 3421 ,idem
1111 3348 1199 3404 sutor
1224 3337 1379 3419 est,idem

276 3439 387 3525 pistor,
410 3440 512 3505 omnis
535 3463 645 3506 musae
668 3441 886 3527 mancipium“.
929 3441 1046 3507 Facilis
1066 3447 1172 3504 autem
1193 3461 1284 3505 error
1302 3447 1379 3520 crat,

277 3560 350 3604 cum
374 3545 458 3621 ,tes“
481 3540 605 3624 syllaba
630 3541 796 3605 antecedat
807 3544 846 3627 ¹).

320 3639 398 3727 Cap.
415 3640 467 3722 64,
484 3642 502 3705 1
517 3640 712 3707 Trimalchio
735 3644 846 3708 miram
871 3642 912 3707 de
935 3643 1087 3728 strigibus
1109 3643 1247 3706 fabulam
1270 3651 1385 3722 narrat,

279 3762 341 3824 qua
357 3739 445 3804 finita
457 3739 632 3829 Encolpius
643 3742 684 3806 ita
708 3742 835 3829 pergit:
848 3742 1019 3823 ,Miramur
1040 3764 1099 3806 nos
1125 3750 1156 3805 ct
1176 3741 1297 3828 pariter
1319 3762 1385 3806 ere·

277 3838 381 3905 dimus
402 3841 601 3928 osculatique
623 3864 770 3908 mensam
801 3865 955 3928 rogamus
978 3850 1169 3919 nocturnas,
1201 3851 1237 3906 ut
1259 3841 1324 3906 suis
1347 3863 1383 3905 se

276 3946 413 4021 teneant,
438 3942 514 4007 dum
538 3943 683 4009 redimus
705 3935 870 4009 a'coena‘t
894 3943 1045 4030 lntellegi
1067 3942 1178 4029 nequit
1188 3941 1380 4007 vocabulum

275 4038 385 4122 ,suis“,
411 4042 699 4127 quodScheffcrus
724 4054 755 4109 et
777 4045 981 4109 Burmannus
1003 4042 1254 4130 improbabiliter
1272 4042 1315 4107 ita
1328 4042 1383 4107 de·

313 4270 339 4336 1)
360 4268 431 4320 llaec
452 4272 622 4335 scripseram,
643 4288 701 4322 cum
716 4271 827 4322 Iahnius
841 4273 1055 4324 emendationem
1071 4271 1212 4322 admodum
1232 4270 1382 4337 speciosam

277 4373 382 4410 meeum
404 4359 601 4416 communicat;
628 4374 677 4425 pro
704 4358 853 4425 ,ceccitua“
875 4362 944 4410 enim
974 4359 1189 4424 „catamitus“
1210 4357 1379 4409 scribendam

277 4460 337 4499 essa
356 4448 517 4513 suspicatur.
