3542 5292
904 549 944 612 28

377 733 473 796 seris:
494 753 648 818 ,puerum
676 732 767 797 iussit
788 731 923 797 liberum
948 753 1040 813 esse,
1071 754 1113 796 ne
1136 733 1206 818 quis
1227 742 1337 820 posset
1369 734 1479 798 dicere

376 841 495 896 tautum
514 833 618 898 uirum
640 857 656 897 a
680 854 775 898 servo
798 854 869 897 esse
882 833 892 896 i
905 833 1058 897 rritatu
1070 839 1119 896 m“
1129 835 1168 917 ¹).

419 933 496 1020 Cap.
510 933 561 1015 55,
582 936 611 998 5.
633 933 754 1019 ,Roga
768 934 886 1019 inquid
900 973 935 984 --
953 935 1020 998 scil.
1035 933 1230 999 Trimalchio
1247 972 1281 982 —
1293 933 1479 1020 ,magister,

378 1033 454 1119 qnid
478 1042 570 1120 putes
596 1035 681 1099 inter
703 1032 892 1100 Ciceronem
933 1043 964 1098 et
995 1033 1170 1099 Publilium
1196 1073 1234 1082 -
1257 1034 1480 1125 Tragurianup

380 1144 410 1199 et
438 1144 664 1221 excerptorum
678 1135 750 1200 libri
763 1132 947 1217 ,Publium“
963 1163 1012 1183 >—
1034 1134 1234 1214 „interesset
1255 1134 1328 1220 Ego
1343 1136 1479 1199 alterum

378 1244 455 1322 puto
477 1235 679 1300 disertiorem
698 1235 816 1317 fuisse,
847 1236 981 1300 alterum
1007 1234 1235 1300 honestiorem.
1282 1236 1370 1317 Quid
1392 1236 1479 1300 enim

378 1336 427 1399 his
449 1335 564 1400 melius
588 1336 649 1401 dici
669 1336 821 1423 potest‘l“
842 1337 908 1399 lam
932 1337 1076 1422 sequitur
1098 1358 1225 1400 carmen
1246 1336 1374 1402 Publilii
1391 1335 1479 1422 Syri,

380 1458 442 1521 quo
465 1435 598 1500 recitato
621 1435 816 1502 Trimalchio
840 1437 885 1501 sic
906 1437 1035 1524 pergit:
1063 1436 1181 1518 ,Quod
1216 1445 1339 1516 autern,
1368 1435 1481 1520 inquit,

377 1545 525 1624 putamus
558 1535 737 1600 secuudum
766 1535 885 1601 litteras
915 1536 1139 1602 difficillimum
1177 1558 1247 1600 esse
1286 1534 1479 1599 artificium?

379 1637 452 1723 Ego
470 1645 547 1723 puto
570 1636 731 1701 medicum
755 1646 785 1701 et
816 1637 1083 1702 nummularium“
1105 1660 1133 1702 e.
1158 1659 1188 1722 q.
1210 1661 1233 1700 s.
1256 1637 1307 1700 Ex
1328 1646 1480 1723 corrupto

378 1736 534 1803 vocabulo
554 1743 734 1824 ,putamus
756 1738 839 1803 facili
855 1738 985 1824 negotio
998 1739 1147 1803 restitues
1160 1760 1270 1802 veram
1292 1737 1481 1824 scripturam

379 1841 555 1924 ,putas;“
586 1838 773 1923 magistrum
803 1839 887 1903 enim
912 1838 1094 1922 adloquitur
1123 1837 1316 1902 Trimalchio
1353 1846 1480 1901 servata

379 1959 513 2023 prorsus
546 1938 660 2002 eadem
695 1938 843 2003 orationis
879 1940 1001 2019 forma,
1039 1961 1131 2023 quam
1166 1961 1265 2024 snpra
1298 1937 1439 2002 instituit.
1455 1939 1483 2024 ²)

380 2037 465 2102 Huic
487 2038 569 2118 loco,
591 2038 646 2104 nbi
674 2038 707 2102 in
729 2060 767 2103 eo
794 2039 880 2125 qncd
898 2039 1091 2104 Trimalchio
1114 2039 1212 2104 meris
1234 2037 1363 2125 ineptiis
1376 2038 1484 2103 subito

380 2136 508 2225 lepidos
530 2139 743 2227 mimographi
762 2161 875 2204 versus
897 2140 1053 2204 immiscet
1083 2136 1199 2206 sterila
1223 2138 1386 2224 scriptoris
1411 2139 1484 2203 arti-

382 2240 490 2305 ficium
512 2239 688 2321 admireris,
715 2240 827 2304 similis
851 2249 907 2321 est,
931 2241 984 2326 qui
1005 2240 1166 2327 cap.b2,l
1188 2239 1325 2324 legitur:
1347 2239 1487 2319 ,Habeo

381 2342 523 2428 scyphos
554 2341 681 2405 urnales
714 2340 789 2428 plus
816 2340 920 2405 minus
950 2339 1079 2428 [C(?)],
1103 2332 1372 2424 quemadmodum
1406 2337 1487 2402 Cas-

380 2441 497 2507 sandra
530 2440 643 2506 occidit
675 2440 757 2505 filios
779 2463 855 2507 snos
887 2451 919 2505 et
952 2441 1046 2527 pueri
1080 2439 1195 2504 mortui
1226 2439 1330 2502 iacent
1365 2439 1410 2503 sic
1452 2448 1489 2502 ut

380 2543 489 2607 vivere
512 2548 633 2629 putes“.
675 2542 830 2624 ,Vivere“
852 2541 1005 2606 Heinsius
1027 2539 1162 2626 egregie
1184 2539 1379 2620 emendavit,
1400 2538 1483 2603 Tra-

382 2643 540 2729 gurianus
570 2652 622 2724 ,ut
656 2664 734 2707 rere
763 2648 884 2730 putes“.
939 2642 1055 2705 Nonne
1089 2641 1122 2702 in
1157 2640 1206 2703 his
1228 2639 1347 2703 ultimis
1373 2638 1487 2704 verbis

383 2743 600 2829 intellegentis
623 2743 755 2807 alicuius
777 2742 913 2807 hominis
939 2742 1056 2806 dictum
1078 2740 1226 2826 agnoscis
1247 2762 1318 2804 cum
1331 2739 1482 2804 acumine

383 2842 521 2927 quodam
543 2841 584 2906 ad
607 2843 738 2908 modum
760 2841 997 2927 epigrammatis
1019 2839 1239 2925 expressum?
1276 2840 1367 2904 Patet
1389 2863 1485 2925 quam

383 2945 498 3008 acerbe
528 2943 695 3008 Petronius
724 2943 922 3008 iactationem
947 2941 1181 3024 elegantiorum
1216 2940 1381 3004 hominum
1410 2961 1488 3025 per-

384 3043 535 3129 stringat,
571 3045 625 3129 qui
658 3042 854 3128 singularem
889 3040 1048 3126 quandam
1081 3039 1194 3104 artium
1229 3039 1487 3125 intellegentiam

384 3144 591 3210 adfectabant.
634 3145 742 3229 Atque
758 3141 948 3208 absimilem
972 3163 1097 3205 causam
1120 3162 1234 3205 versus
1246 3139 1376 3204 Publilii
1399 3139 1491 3223 Syri,

386 3244 439 3330 qni
471 3244 526 3308 illa
549 3252 650 3309 aetate
672 3252 806 3330 propter
834 3241 1007 3307 sententias
1037 3241 1142 3305 mimis
1176 3241 1313 3304 intextas
1346 3239 1378 3303 in
1411 3240 1489 3304 rhe-

385 3354 489 3409 torum
512 3345 631 3410 schclis
660 3345 743 3409 iusto
768 3342 943 3408 studiosius
965 3341 1138 3422 colebatur,
1174 3343 1229 3405 cfr.
1246 3342 1360 3408 Senec.
1383 3349 1491 3406 contr.

386 3443 512 3526 lll,18,
537 3443 761 3509 Trimalchioni
783 3443 854 3507 talis
876 3441 1049 3529 sapientiae
1073 3441 1204 3506 amatori
1226 3441 1376 3507 tribuisse
1399 3440 1492 3505 vide-

387 3554 447 3610 tur.
494 3545 576 3612 Odit
595 3543 679 3608 enim
700 3543 923 3624 ,vanissimum
949 3541 1176 3607 sententiarum
1201 3541 1393 3627 strepitum“.
1522 3618 1524 3621 .

428 3645 506 3732 (lap.
517 3645 568 3726 56,
582 3645 601 3708 8
614 3646 881 3710 oblectamentum
903 3643 1149 3712 Saturnalicium
1162 3642 1302 3707 convivis
1325 3642 1494 3706 aTrimal-

388 3747 501 3812 chione
514 3755 659 3835 paratum
673 3745 872 3812 describitur.
898 3745 982 3809 Puer
1003 3745 1034 3808 in
1051 3744 1174 3831 scypho
1193 3753 1295 3809 sortes
1308 3744 1496 3810 circumfert

354 3904 361 3913 .
387 3846 485 3911 titulis
496 3845 652 3932 ambiguis
662 3855 757 3932 atque
768 3844 911 3910 obscuris
923 3843 1099 3930 insignitas,
1115 3845 1230 3929 quibus
1244 3843 1353 3909 divisis
1365 3843 1495 3928 altaque

401 4040 561 4047 —--—--.-
566 4041 592 4047 ..-

424 4129 451 4198 1)
469 4129 532 4198 Cap.
552 4130 605 4194 55,
625 4127 643 4181 4
662 4136 723 4181 ante
756 4128 838 4181 verba
863 4128 982 4194 „diuque
1000 4143 1097 4178 summa
1118 4127 1243 4177 carminis
1263 4142 1345 4192 penes
1365 4125 1490 4192 blcpsurn

392 4218 517 4270 Thracem
539 4224 700 4270 commorata
721 4215 777 4268 cat“
796 4215 928 4267 nonnulla
946 4215 1115 4265 intercidisse
1136 4214 1270 4265 videntur.

424 4302 450 4373 2)
468 4305 586 4357 Similem
608 4304 785 4370 corruptelam
808 4319 867 4369 cap.
888 4301 940 4366 50,
958 4299 976 4352 4
994 4303 1131 4368 corrigas:
1161 4300 1210 4366 ,Et
1236 4302 1366 4367 forsitan,
1395 4302 1496 4368 inquit,

393 4395 508 4461 quaeris,
528 4408 610 4461 quare
630 4391 705 4443 solua
727 4407 790 4444 vcra
804 4387 952 4442 Corinthea
972 4388 1107 4453 habeam.“
1126 4388 1253 4456 Reponc:
1274 4388 1496 4457 ,quaeritis“.

392 4479 557 4532 Trimalchio
577 4481 610 4532 ad
632 4461 724 4531 omnes
745 4479 924 4531 convivasse
944 4477 1086 4528 convertit.

1196 4635 1205 4668 Ι
