3542 5292
871 548 893 614 3

333 731 510 796 Parisinam
533 729 701 796 translatus
725 736 780 810 est,
803 726 859 794 ubi
879 749 1013 792 numero
1039 728 1122 797 7989
1146 727 1242 814 (Reg.
1263 730 1361 816 5623)
1385 729 1430 794 in·

332 832 467 917 signitas
488 830 586 895 hodie
608 838 763 909 servatur,
778 828 912 892 conlatio
936 827 1015 902 mihi
1025 838 1153 915 praesto
1167 838 1234 894 erat
1256 830 1296 894 ad
1321 852 1428 894 exem-

333 933 404 1019 plar
427 931 737 1010 Amstelodamense,
761 951 822 1013 quo
846 928 989 994 Joannes
1009 928 1126 994 Lucius
1150 953 1232 995 auno
1246 931 1326 995 1671
1341 931 1427 995 codi-

335 1055 403 1097 cem
425 1033 509 1117 typis
545 1030 678 1096 Joannis
712 1027 814 1093 Blacu
850 1028 1097 1113 exprimendum
1128 1029 1248 1094 curavit
1284 1029 1429 1096 omuibus

333 1133 508 1218 scripturae
528 1131 608 1194 vitiis
628 1128 779 1216 prudenti
800 1129 932 1192 oonsilio
954 1130 1084 1193 servatis
1109 1133 1147 1195 ab
1159 1129 1302 1194 ilenrico
1318 1129 1427 1194 Keilio

302 1226 307 1244 ¹
333 1233 575 1319 accuratissime
588 1232 740 1296 confecta.

373 1331 440 1395 Iam
463 1331 601 1416 primum
624 1331 665 1394 de
684 1329 846 1393 nonnullis
867 1329 946 1394 locis
971 1329 1150 1414 disputabo,
1166 1352 1245 1413 quos
1268 1351 1309 1393 ex
1330 1351 1430 1394 coena

333 1433 512 1498 tractandos
533 1431 609 1494 mihi
633 1430 730 1515 elegi.
770 1429 838 1497 Sed
867 1430 1053 1515 priusquam
1087 1430 1215 1515 singula
1242 1452 1427 1516 persequar,

334 1537 375 1600 de
398 1535 614 1614 fundamento,
638 1555 699 1617 quo
722 1531 902 1596 emendatio
925 1531 1050 1613 nitatur,
1072 1554 1174 1617 pauca
1194 1534 1341 1596 monebo.
1377 1530 1431 1594 Iu-v

333 1645 424 1719 tegra
447 1656 546 1700 coena
568 1633 636 1698 solo
657 1632 859 1717 Traguriano
883 1641 1008 1695 servata
1030 1642 1086 1714 est,
1109 1632 1190 1696 duae
1213 1642 1317 1696 autem
1332 1631 1428 1719 parti-

334 1736 422 1801 culae
456 1759 496 1799 ex
524 1734 712 1811 fabulailla
743 1738 919 1817 excerptae
953 1733 1047 1796 etiam
1076 1733 1144 1797 aliis
1181 1733 1270 1800 libris
1306 1735 1347 1797 ad
1369 1756 1428 1798 nos

332 1844 558 1923 pervenerunt.
602 1835 652 1898 Ac
664 1832 802 1918 primum
827 1831 959 1916 quidem
979 1833 1205 1917 fragmentum,
1223 1833 1345 1898 scilicet
1363 1829 1428 1898 cai-

336 1959 410 2000 men
430 1935 558 2001 Publilii
579 1933 656 2017 Syri
667 1935 704 2018 l),
730 1932 816 2018 quod
839 1931 1032 1997 Trimalchio
1058 1934 1168 1997 recitat
1191 1957 1258 2019 cap.
1278 1936 1352 2016 oab
1376 1935 1427 1998 cd.
1486 1957 1488 1959 ·

334 2038 452 2101 Antan.
492 2037 524 2099 in
560 2036 707 2102 omnibus
743 2043 968 2120 excerptorum
996 2034 1086 2098 libris
1112 2057 1208 2120 supra
1238 2035 1428 2100 enumeratis

337 2149 473 2224 excepto
488 2138 654 2220 Beruensi,
679 2138 732 2222 qui
754 2139 787 2202 in
806 2139 866 2203 hac
886 2149 977 2226 parte
997 2140 1156 2204 mutilatus
1175 2150 1230 2220 est,
1248 2140 1428 2222 exhibetur,

337 2241 368 2302 in
397 2238 597 2325 Traguriano
627 2249 731 2304 autem
764 2250 794 2304 et
822 2240 855 2303 in
888 2245 1048 2326 excerptis
1082 2241 1167 2304 etin
1189 2243 1286 2326 pleno
1310 2263 1429 2306 coenae

337 2339 515 2426 exemplari
556 2341 753 2405 conlocatum
792 2350 848 2404 est.
902 2343 1009 2426 Atque
1043 2342 1076 2405 in
1109 2343 1267 2428 excerptis
1301 2344 1429 2427 quidem

335 2441 427 2504 ctiam
451 2442 576 2521 rerba,
601 2464 681 2526 quac
713 2442 841 2506 carmini
866 2442 900 2504 in
920 2443 1018 2526 pleno
1047 2444 1224 2528 exemplari
1255 2444 1429 2528 praemissa

335 2549 423 2621 sunt,
459 2540 679 2621 inveniuntur,
710 2542 768 2605 scd
796 2542 830 2604 in
852 2543 981 2607 brevius
1006 2553 1172 2607 contracta.
1222 2542 1288 2607 Iam
1312 2545 1370 2608 etsi
1397 2545 1430 2608 in

333 2643 394 2705 hac
428 2640 555 2704 diversa
583 2642 736 2704 memoria
771 2641 858 2706 nulla
888 2643 1063 2727 scripturae
1092 2644 1304 2732 discrepantia
1332 2655 1427 2725 extat,

337 2764 417 2827 quae
440 2751 526 2808 certo
551 2743 713 2806 diversum
737 2743 855 2806 fontem
874 2745 999 2827 prodat,
1023 2755 1218 2811 tamennon
1243 2749 1282 2810 ab
1312 2747 1427 2810 eodem

333 2843 462 2907 homine
486 2864 503 2906 e
525 2844 622 2928 pleno
646 2863 743 2928 opere
766 2842 957 2922 Petroniana
984 2857 1014 2910 et
1037 2869 1171 2912 coenam
1183 2847 1427 2913 Trimalchionis

336 2957 367 3010 et
403 2955 554 3030 excerpta
592 2945 648 3008 illa
677 2945 843 3029 desumpta
874 2969 945 3012 esse
973 2949 1043 3034 ipsa
1075 2949 1219 3014 eiusdem
1249 2947 1428 3034 argumenti

333 3048 525 3133 repetitione
546 3044 680 3110 indicari
703 3046 780 3109 mihi
801 3047 939 3112 videtur.

376 3149 523 3211 Alterum
547 3170 664 3212 coenae
684 3149 910 3233 fragmentum,
934 3151 1021 3214 cuius
1042 3152 1183 3215 notitiam
1206 3174 1269 3214 non
1286 3174 1326 3216 ex
1338 3151 1428 3215 libris

335 3247 458 3334 scriptis
481 3249 581 3329 hausi,
605 3249 659 3332 qui
681 3249 758 3312 mihi
780 3249 909 3333 quidem
931 3261 1058 3337 praesto
1084 3252 1212 3334 fuerint,
1235 3262 1270 3315 ut
1291 3253 1428 3337 primum

335 3349 416 3412 illud
444 3349 505 3412 iam
532 3347 652 3412 dudum
676 3350 861 3435 priusquam
883 3350 1099 3436 Tragurianus
1125 3354 1158 3415 in
1180 3354 1284 3418 lucem
1306 3362 1427 3438 protra-

335 3450 465 3513 heretur
496 3449 685 3514 editionibus
715 3452 945 3537 pervulgatum
978 3464 1069 3533 crat,
1111 3454 1247 3539 primum
1281 3454 1364 3518 enim
1395 3453 1428 3517 in

338 3550 479 3614 editione
504 3549 719 3618 Tornaesiana
742 3552 882 3637 adparet,
911 3576 990 3637 quae
1012 3553 1166 3639 Lugduni
1196 3555 1316 3641 prodiit
1348 3576 1430 3618 anno

338 3650 469 3735 15752).
511 3650 727 3736 Desumptum
752 3663 860 3717 estex
886 3676 1005 3718 coenae
1027 3655 1184 3739 principio
1206 3665 1299 3739 atque
1321 3654 1430 3740 incipit

337 3752 443 3818 verbis
467 3774 534 3839 cap.
555 3752 618 3832 ⁴27,
642 3754 658 3816 1
689 3754 868 3834 „Videmus
892 3777 1002 3819 senem
1020 3754 1166 3819 calvum“
1181 3756 1312 3842 explicit
1322 3755 1429 3820 vorbis

338 3875 404 3939 cap.
424 3846 524 3935 '3t,5
551 3857 720 3936 „tenebras
744 3877 814 3920 esse
837 3856 980 3921 credet.“
998 3856 1100 3921 Huius
1116 3857 1288 3942 particulae
1311 3858 1429 3922 fontem

372 4144 398 4208 1)
420 4144 594 4212 llimographi
615 4146 668 4197 hoc
688 4163 791 4198 carmen
813 4165 871 4200 esse
892 4156 963 4200 recte
991 4151 1081 4200 statuit
1099 4150 1270 4214 llloesslerus,
1290 4160 1428 4221 comment.

338 4235 371 4287 de
391 4234 497 4286 Petron.
530 4251 617 4300 poem.
645 4236 678 4286 de
706 4235 778 4287 bello
817 4237 894 4289 civili
917 4246 947 4304 p.
971 4236 1020 4302 55,
1049 4241 1147 4290 iniuria
1176 4242 1203 4290 in
1239 4240 1429 4293 dubitationem

340 4329 437 4373 vocant
462 4321 503 4372 lo.
524 4319 604 4374 Conr.
622 4322 747 4388 Orellius,
758 4324 829 4376 Poet.
844 4325 900 4376 Vct.
917 4342 996 4377 carm.
1016 4334 1082 4378 sent.
1091 4327 1118 4378 P.
1129 4327 1152 4379 1.
1164 4343 1189 4394 p.
1203 4314 1263 4393 28‘3,
1274 4327 1429 4397 Bernhardy

339 4409 450 4463 Grundr.
470 4411 493 4461 d.
516 4410 588 4463 Rom.
609 4411 666 4463 Litt.
686 4428 710 4479 p.
730 4411 791 4467 434.

374 4496 402 4564 2)
423 4499 506 4565 Ipsam
526 4497 663 4551 Tornaesii
684 4501 828 4554 editionem
847 4503 982 4570 inspicere
1003 4518 1057 4555 non
1076 4504 1160 4570 potui.
