<?xml version="1.0" encoding="UTF-8"?>
<!DOCTYPE html PUBLIC "-//W3C//DTD XHTML 1.0 Transitional//EN"
    "http://www.w3.org/TR/xhtml1/DTD/xhtml1-transitional.dtd">
<html xmlns="http://www.w3.org/1999/xhtml" xml:lang="en" lang="en">
 <head>
  <title>
</title>
<meta http-equiv="Content-Type" content="text/html;charset=utf-8" />
  <meta name='ocr-system' content='tesseract 3.04.00' />
  <meta name='ocr-capabilities' content='ocr_page ocr_carea ocr_par ocr_line ocrx_word'/>
</head>
<body>
  <div class='ocr_page' id='page_1' title='image "./observationescr00wehlgoog/observationescr00wehlgoog_0061.png"; bbox 0 0 3542 5292; ppageno 0'>
   <div class='ocr_carea' id='block_1_1' title="bbox 856 533 898 599">
    <p class='ocr_par' dir='ltr' id='par_1_1' title="bbox 856 533 898 599">
     <span class='ocr_line' id='line_1_1' title="bbox 856 533 898 599; baseline 0.048 -2"><span class='ocrx_word' id='word_1_1' title='bbox 856 533 898 599; x_wconf 84' lang='lat'>55</span> 
     </span>
    </p>
   </div>
   <div class='ocr_carea' id='block_1_2' title="bbox 330 713 1438 4535">
    <p class='ocr_par' dir='ltr' id='par_1_2' title="bbox 330 713 1435 3224">
     <span class='ocr_line' id='line_1_2' title="bbox 332 713 1429 800; baseline 0.001 -23"><span class='ocrx_word' id='word_1_2' title='bbox 332 715 453 780; x_wconf 91' lang='lat' dir='ltr'>tumide</span> <span class='ocrx_word' id='word_1_3' title='bbox 478 725 509 779; x_wconf 88' lang='lat' dir='ltr'>ct</span> <span class='ocrx_word' id='word_1_4' title='bbox 531 714 686 780; x_wconf 84' lang='lat' dir='ltr'>adfectate</span> <span class='ocrx_word' id='word_1_5' title='bbox 710 713 849 800; x_wconf 90' lang='lat' dir='ltr'>loquitur</span> <span class='ocrx_word' id='word_1_6' title='bbox 870 734 931 778; x_wconf 89' lang='lat' dir='ltr'>nec</span> <span class='ocrx_word' id='word_1_7' title='bbox 952 713 1053 778; x_wconf 90' lang='lat' dir='ltr'>ullum</span> <span class='ocrx_word' id='word_1_8' title='bbox 1075 713 1283 800; x_wconf 81' lang='lat' dir='ltr'>simplicitatis</span> <span class='ocrx_word' id='word_1_9' title='bbox 1297 733 1429 779; x_wconf 88' lang='lat' dir='ltr'>sensum</span> 
     </span>
     <span class='ocr_line' id='line_1_3' title="bbox 331 813 1430 903; baseline 0.002 -25"><span class='ocrx_word' id='word_1_10' title='bbox 331 814 435 895; x_wconf 85' lang='lat' dir='ltr'>habet,</span> <span class='ocrx_word' id='word_1_11' title='bbox 460 815 492 880; x_wconf 91' lang='lat' dir='ltr'>id</span> <span class='ocrx_word' id='word_1_12' title='bbox 516 816 604 903; x_wconf 92' lang='lat' dir='ltr'>qnod</span> <span class='ocrx_word' id='word_1_13' title='bbox 624 835 664 880; x_wconf 91' lang='lat' dir='ltr'>ne</span> <span class='ocrx_word' id='word_1_14' title='bbox 689 815 806 901; x_wconf 90' lang='lat' dir='ltr'>longus</span> <span class='ocrx_word' id='word_1_15' title='bbox 830 813 904 878; x_wconf 87' lang='lat' dir='ltr'>fiam</span> <span class='ocrx_word' id='word_1_16' title='bbox 923 814 1109 900; x_wconf 87' lang='lat' dir='ltr'>significabo</span> <span class='ocrx_word' id='word_1_17' title='bbox 1131 815 1235 901; x_wconf 88' lang='lat' dir='ltr'>magis</span> <span class='ocrx_word' id='word_1_18' title='bbox 1257 837 1350 901; x_wconf 86' lang='lat' dir='ltr'>quam</span> <span class='ocrx_word' id='word_1_19' title='bbox 1375 836 1430 880; x_wconf 86' lang='lat' dir='ltr'>ex·</span> 
     </span>
     <span class='ocr_line' id='line_1_4' title="bbox 332 914 1432 1002; baseline -0.001 -22"><span class='ocrx_word' id='word_1_20' title='bbox 332 921 459 1002; x_wconf 84' lang='lat' dir='ltr'>portam.</span> <span class='ocrx_word' id='word_1_21' title='bbox 514 915 667 1002; x_wconf 88' lang='lat' dir='ltr'>Inspicias</span> <span class='ocrx_word' id='word_1_22' title='bbox 690 937 809 1000; x_wconf 83' lang='lat' dir='ltr'>quaeso</span> <span class='ocrx_word' id='word_1_23' title='bbox 832 914 979 980; x_wconf 84' lang='lat' dir='ltr'>carminis</span> <span class='ocrx_word' id='word_1_24' title='bbox 1002 915 1180 996; x_wconf 81' lang='lat' dir='ltr'>exordium,</span> <span class='ocrx_word' id='word_1_25' title='bbox 1197 915 1252 981; x_wconf 93' lang='lat' dir='ltr'>ubi</span> <span class='ocrx_word' id='word_1_26' title='bbox 1280 937 1319 980; x_wconf 96' lang='lat' dir='ltr'>eo</span> <span class='ocrx_word' id='word_1_27' title='bbox 1345 915 1432 1001; x_wconf 92' lang='lat' dir='ltr'>quod</span> 
     </span>
     <span class='ocr_line' id='line_1_5' title="bbox 335 1015 1432 1103; baseline 0 -22"><span class='ocrx_word' id='word_1_28' title='bbox 335 1026 479 1081; x_wconf 78' lang='lat' dir='ltr'><strong>errantes</strong></span> <span class='ocrx_word' id='word_1_29' title='bbox 502 1017 612 1082; x_wconf 90' lang='lat' dir='ltr'>oculos</span> <span class='ocrx_word' id='word_1_30' title='bbox 649 1016 724 1081; x_wconf 91' lang='lat' dir='ltr'>dicit</span> <span class='ocrx_word' id='word_1_31' title='bbox 746 1025 839 1081; x_wconf 88' lang='lat' dir='ltr'>nocte</span> <span class='ocrx_word' id='word_1_32' title='bbox 872 1017 1004 1081; x_wconf 89' lang='lat' dir='ltr'>somniis</span> <span class='ocrx_word' id='word_1_33' title='bbox 1038 1016 1105 1081; x_wconf 92' lang='lat' dir='ltr'>ludi</span> <span class='ocrx_word' id='word_1_34' title='bbox 1132 1016 1202 1103; x_wconf 90' lang='lat' dir='ltr'>ipse</span> <span class='ocrx_word' id='word_1_35' title='bbox 1235 1015 1432 1082; x_wconf 86' lang='lat' dir='ltr'>artificiosius</span> 
     </span>
     <span class='ocr_line' id='line_1_6' title="bbox 331 1115 1431 1203; baseline -0.005 -19"><span class='ocrx_word' id='word_1_36' title='bbox 331 1118 432 1199; x_wconf 92' lang='lat' dir='ltr'>ludit,</span> <span class='ocrx_word' id='word_1_37' title='bbox 456 1118 508 1183; x_wconf 86' lang='lat' dir='ltr'>vel</span> <span class='ocrx_word' id='word_1_38' title='bbox 531 1139 659 1183; x_wconf 89' lang='lat' dir='ltr'>versum</span> <span class='ocrx_word' id='word_1_39' title='bbox 681 1118 702 1181; x_wconf 78' lang='lat'>5</span> <span class='ocrx_word' id='word_1_40' title='bbox 725 1127 756 1182; x_wconf 92' lang='lat' dir='ltr'>et</span> <span class='ocrx_word' id='word_1_41' title='bbox 778 1118 808 1198; x_wconf 83' lang='lat'>6,</span> <span class='ocrx_word' id='word_1_42' title='bbox 831 1117 946 1203; x_wconf 87' lang='lat' dir='ltr'>quibus</span> <span class='ocrx_word' id='word_1_43' title='bbox 969 1118 1048 1182; x_wconf 92' lang='lat' dir='ltr'>nihil</span> <span class='ocrx_word' id='word_1_44' title='bbox 1073 1119 1142 1182; x_wconf 87' lang='lat' dir='ltr'>fere</span> <span class='ocrx_word' id='word_1_45' title='bbox 1165 1117 1343 1183; x_wconf 80' lang='lat' dir='ltr'>continetur</span> <span class='ocrx_word' id='word_1_46' title='bbox 1371 1115 1431 1180; x_wconf 91' lang='lat' dir='ltr'>nisi</span> 
     </span>
     <span class='ocr_line' id='line_1_7' title="bbox 331 1217 1429 1306; baseline -0.004 -21"><span class='ocrx_word' id='word_1_47' title='bbox 331 1219 485 1285; x_wconf 80' lang='lat' dir='ltr'>ridiculae</span> <span class='ocrx_word' id='word_1_48' title='bbox 515 1217 684 1306; x_wconf 86' lang='lat' dir='ltr'>ampullae.</span> <span class='ocrx_word' id='word_1_49' title='bbox 739 1220 848 1304; x_wconf 83' lang='lat' dir='ltr'>Atque</span> <span class='ocrx_word' id='word_1_50' title='bbox 885 1221 947 1284; x_wconf 90' lang='lat' dir='ltr'>hoc</span> <span class='ocrx_word' id='word_1_51' title='bbox 981 1218 1052 1305; x_wconf 90' lang='lat' dir='ltr'>ipso</span> <span class='ocrx_word' id='word_1_52' title='bbox 1082 1219 1207 1298; x_wconf 89' lang='lat' dir='ltr'>studio,</span> <span class='ocrx_word' id='word_1_53' title='bbox 1237 1240 1300 1303; x_wconf 94' lang='lat' dir='ltr'>quo</span> <span class='ocrx_word' id='word_1_54' title='bbox 1324 1218 1429 1282; x_wconf 91' lang='lat' dir='ltr'>solum</span> 
     </span>
     <span class='ocr_line' id='line_1_8' title="bbox 333 1322 1433 1409; baseline -0.004 -23"><span class='ocrx_word' id='word_1_55' title='bbox 333 1323 489 1408; x_wconf 80' lang='lat' dir='ltr'>grandem</span> <span class='ocrx_word' id='word_1_56' title='bbox 511 1325 683 1387; x_wconf 86' lang='lat' dir='ltr'>verborum</span> <span class='ocrx_word' id='word_1_57' title='bbox 704 1322 843 1387; x_wconf 90' lang='lat' dir='ltr'>sonitum</span> <span class='ocrx_word' id='word_1_58' title='bbox 866 1323 1009 1409; x_wconf 81' lang='lat' dir='ltr'>captavit,</span> <span class='ocrx_word' id='word_1_59' title='bbox 1036 1323 1227 1402; x_wconf 82' lang='lat' dir='ltr'>factumest,</span> <span class='ocrx_word' id='word_1_60' title='bbox 1248 1329 1283 1384; x_wconf 96' lang='lat' dir='ltr'>ut</span> <span class='ocrx_word' id='word_1_61' title='bbox 1302 1327 1433 1383; x_wconf 89' lang='lat' dir='ltr'>senten-</span> 
     </span>
     <span class='ocr_line' id='line_1_9' title="bbox 330 1420 1431 1510; baseline -0.006 -22"><span class='ocrx_word' id='word_1_62' title='bbox 330 1424 388 1488; x_wconf 90' lang='lat' dir='ltr'>tias</span> <span class='ocrx_word' id='word_1_63' title='bbox 410 1423 604 1509; x_wconf 84' lang='lat' dir='ltr'>neglegeret</span> <span class='ocrx_word' id='word_1_64' title='bbox 634 1447 670 1487; x_wconf 85' lang='lat' dir='ltr'>ao</span> <span class='ocrx_word' id='word_1_65' title='bbox 700 1423 868 1510; x_wconf 87' lang='lat' dir='ltr'>pueriliter</span> <span class='ocrx_word' id='word_1_66' title='bbox 900 1431 1058 1510; x_wconf 88' lang='lat' dir='ltr'>peccaret.</span> <span class='ocrx_word' id='word_1_67' title='bbox 1103 1420 1246 1484; x_wconf 86' lang='lat' dir='ltr'>Primum</span> <span class='ocrx_word' id='word_1_68' title='bbox 1269 1420 1354 1485; x_wconf 89' lang='lat' dir='ltr'>enim</span> <span class='ocrx_word' id='word_1_69' title='bbox 1385 1427 1431 1481; x_wconf 91' lang='lat' dir='ltr'>to-</span> 
     </span>
     <span class='ocr_line' id='line_1_10' title="bbox 332 1520 1432 1612; baseline -0.007 -22"><span class='ocrx_word' id='word_1_70' title='bbox 332 1525 428 1590; x_wconf 91' lang='lat' dir='ltr'>lerari</span> <span class='ocrx_word' id='word_1_71' title='bbox 453 1525 563 1611; x_wconf 91' lang='lat' dir='ltr'>nequit</span> <span class='ocrx_word' id='word_1_72' title='bbox 586 1535 711 1612; x_wconf 88' lang='lat' dir='ltr'>tempus</span> <span class='ocrx_word' id='word_1_73' title='bbox 733 1527 913 1611; x_wconf 88' lang='lat' dir='ltr'>perfectum</span> <span class='ocrx_word' id='word_1_74' title='bbox 937 1522 1103 1611; x_wconf 72' lang='lat' dir='ltr'>„protulit‘</span> <span class='ocrx_word' id='word_1_75' title='bbox 1123 1546 1151 1586; x_wconf 82' lang='lat' dir='ltr'>v.</span> <span class='ocrx_word' id='word_1_76' title='bbox 1165 1522 1195 1602; x_wconf 80' lang='lat'>2,</span> <span class='ocrx_word' id='word_1_77' title='bbox 1218 1521 1375 1606; x_wconf 89' lang='lat' dir='ltr'>insignius</span> <span class='ocrx_word' id='word_1_78' title='bbox 1387 1520 1432 1582; x_wconf 86' lang='lat' dir='ltr'>vi-</span> 
     </span>
     <span class='ocr_line' id='line_1_11' title="bbox 332 1621 1431 1712; baseline -0.005 -22"><span class='ocrx_word' id='word_1_79' title='bbox 332 1626 420 1708; x_wconf 91' lang='lat' dir='ltr'>tium,</span> <span class='ocrx_word' id='word_1_80' title='bbox 434 1648 506 1690; x_wconf 90' lang='lat' dir='ltr'>cum</span> <span class='ocrx_word' id='word_1_81' title='bbox 524 1625 637 1691; x_wconf 86' lang='lat' dir='ltr'>ceteris</span> <span class='ocrx_word' id='word_1_82' title='bbox 659 1627 805 1690; x_wconf 89' lang='lat' dir='ltr'>versibus</span> <span class='ocrx_word' id='word_1_83' title='bbox 825 1635 913 1690; x_wconf 90' lang='lat' dir='ltr'>recte</span> <span class='ocrx_word' id='word_1_84' title='bbox 934 1645 1091 1712; x_wconf 87' lang='lat' dir='ltr'>praesens</span> <span class='ocrx_word' id='word_1_85' title='bbox 1112 1633 1256 1710; x_wconf 83' lang='lat' dir='ltr'>ponetur.</span> <span class='ocrx_word' id='word_1_86' title='bbox 1301 1621 1431 1686; x_wconf 90' lang='lat' dir='ltr'>Deinde</span> 
     </span>
     <span class='ocr_line' id='line_1_12' title="bbox 334 1724 1430 1813; baseline -0.003 -23"><span class='ocrx_word' id='word_1_87' title='bbox 334 1727 410 1812; x_wconf 90' lang='lat' dir='ltr'>quid</span> <span class='ocrx_word' id='word_1_88' title='bbox 421 1750 450 1793; x_wconf 86' lang='lat' dir='ltr'>v.</span> <span class='ocrx_word' id='word_1_89' title='bbox 472 1728 493 1789; x_wconf 86' lang='grc'>4</span> <span class='ocrx_word' id='word_1_90' title='bbox 514 1732 677 1813; x_wconf 79' lang='lat' dir='ltr'>,quoque“</span> <span class='ocrx_word' id='word_1_91' title='bbox 696 1726 849 1813; x_wconf 92' lang='lat' dir='ltr'>particula</span> <span class='ocrx_word' id='word_1_92' title='bbox 872 1726 931 1792; x_wconf 89' lang='lat' dir='ltr'>sibi</span> <span class='ocrx_word' id='word_1_93' title='bbox 954 1726 1040 1806; x_wconf 90' lang='lat' dir='ltr'>velit,</span> <span class='ocrx_word' id='word_1_94' title='bbox 1056 1747 1150 1790; x_wconf 90' lang='lat' dir='ltr'>nemo</span> <span class='ocrx_word' id='word_1_95' title='bbox 1174 1724 1335 1812; x_wconf 85' lang='lat' dir='ltr'>expediat,</span> <span class='ocrx_word' id='word_1_96' title='bbox 1358 1746 1430 1788; x_wconf 91' lang='lat' dir='ltr'>cum</span> 
     </span>
     <span class='ocr_line' id='line_1_13' title="bbox 335 1823 1430 1914; baseline -0.004 -22"><span class='ocrx_word' id='word_1_97' title='bbox 335 1827 423 1892; x_wconf 90' lang='lat' dir='ltr'>solus</span> <span class='ocrx_word' id='word_1_98' title='bbox 445 1826 544 1891; x_wconf 90' lang='lat' dir='ltr'>sudor</span> <span class='ocrx_word' id='word_1_99' title='bbox 567 1827 687 1892; x_wconf 85' lang='lat' dir='ltr'>dicatur</span> <span class='ocrx_word' id='word_1_100' title='bbox 710 1850 765 1892; x_wconf 87' lang='lat' dir='ltr'>ora</span> <span class='ocrx_word' id='word_1_101' title='bbox 786 1827 946 1914; x_wconf 85' lang='lat' dir='ltr'>perluisse</span> <span class='ocrx_word' id='word_1_102' title='bbox 974 1825 1228 1912; x_wconf 85' lang='lat' dir='ltr'>necquidquam</span> <span class='ocrx_word' id='word_1_103' title='bbox 1252 1823 1430 1905; x_wconf 86' lang='lat' dir='ltr'>antecedat,</span> 
     </span>
     <span class='ocr_line' id='line_1_14' title="bbox 335 1926 1433 2014; baseline -0.003 -22"><span class='ocrx_word' id='word_1_104' title='bbox 335 1950 398 2014; x_wconf 91' lang='lat' dir='ltr'>quo</span> <span class='ocrx_word' id='word_1_105' title='bbox 414 1927 569 2014; x_wconf 89' lang='lat' dir='ltr'>particula</span> <span class='ocrx_word' id='word_1_106' title='bbox 591 1928 646 1992; x_wconf 92' lang='lat' dir='ltr'>illa</span> <span class='ocrx_word' id='word_1_107' title='bbox 676 1928 791 1993; x_wconf 80' lang='lat' dir='ltr'>referri</span> <span class='ocrx_word' id='word_1_108' title='bbox 816 1927 927 2014; x_wconf 88' lang='lat' dir='ltr'>possit.</span> <span class='ocrx_word' id='word_1_109' title='bbox 973 1928 1040 1995; x_wconf 84' lang='lat' dir='ltr'>Sed</span> <span class='ocrx_word' id='word_1_110' title='bbox 1063 1928 1198 1992; x_wconf 88' lang='lat' dir='ltr'>fortasse</span> <span class='ocrx_word' id='word_1_111' title='bbox 1224 1926 1433 2014; x_wconf 87' lang='lat' dir='ltr'>interpolator</span> 
     </span>
     <span class='ocr_line' id='line_1_15' title="bbox 333 2027 1432 2114; baseline -0.003 -21"><span class='ocrx_word' id='word_1_112' title='bbox 333 2027 519 2093; x_wconf 90' lang='lat' dir='ltr'>sententiam</span> <span class='ocrx_word' id='word_1_113' title='bbox 541 2028 627 2091; x_wconf 90' lang='lat' dir='ltr'>illam</span> <span class='ocrx_word' id='word_1_114' title='bbox 649 2027 767 2108; x_wconf 78' lang='lat' dir='ltr'>„sudor</span> <span class='ocrx_word' id='word_1_115' title='bbox 788 2027 910 2114; x_wconf 86' lang='lat' dir='ltr'>perluit</span> <span class='ocrx_word' id='word_1_116' title='bbox 930 2033 1001 2091; x_wconf 88' lang='lat' dir='ltr'>ora“</span> <span class='ocrx_word' id='word_1_117' title='bbox 1024 2027 1163 2091; x_wconf 91' lang='lat' dir='ltr'>cumeis</span> <span class='ocrx_word' id='word_1_118' title='bbox 1193 2047 1275 2110; x_wconf 81' lang='lat' dir='ltr'>quae</span> <span class='ocrx_word' id='word_1_119' title='bbox 1306 2036 1432 2091; x_wconf 90' lang='lat' dir='ltr'>antece-</span> 
     </span>
     <span class='ocr_line' id='line_1_16' title="bbox 334 2126 1434 2213; baseline 0 -23"><span class='ocrx_word' id='word_1_120' title='bbox 334 2127 413 2191; x_wconf 92' lang='lat' dir='ltr'>dunt</span> <span class='ocrx_word' id='word_1_121' title='bbox 435 2149 517 2190; x_wconf 85' lang='lat' dir='ltr'>nova</span> <span class='ocrx_word' id='word_1_122' title='bbox 537 2127 642 2213; x_wconf 87' lang='lat' dir='ltr'>aliqua</span> <span class='ocrx_word' id='word_1_123' title='bbox 662 2127 783 2192; x_wconf 89' lang='lat' dir='ltr'>ratione</span> <span class='ocrx_word' id='word_1_124' title='bbox 806 2129 893 2192; x_wconf 91' lang='lat' dir='ltr'>haud</span> <span class='ocrx_word' id='word_1_125' title='bbox 916 2128 1118 2192; x_wconf 89' lang='lat' dir='ltr'>incommode</span> <span class='ocrx_word' id='word_1_126' title='bbox 1141 2126 1346 2192; x_wconf 86' lang='lat' dir='ltr'>coniunxisse</span> <span class='ocrx_word' id='word_1_127' title='bbox 1373 2126 1434 2192; x_wconf 90' lang='lat' dir='ltr'>sibi</span> 
     </span>
     <span class='ocr_line' id='line_1_17' title="bbox 335 2227 1435 2314; baseline -0.001 -23"><span class='ocrx_word' id='word_1_128' title='bbox 335 2228 422 2293; x_wconf 90' lang='lat' dir='ltr'>visus</span> <span class='ocrx_word' id='word_1_129' title='bbox 449 2237 506 2292; x_wconf 87' lang='lat' dir='ltr'>est</span> <span class='ocrx_word' id='word_1_130' title='bbox 550 2228 635 2293; x_wconf 87' lang='lat' dir='ltr'>Vide</span> <span class='ocrx_word' id='word_1_131' title='bbox 661 2229 755 2293; x_wconf 91' lang='lat' dir='ltr'>modo</span> <span class='ocrx_word' id='word_1_132' title='bbox 780 2252 871 2314; x_wconf 91' lang='lat' dir='ltr'>qnam</span> <span class='ocrx_word' id='word_1_133' title='bbox 895 2229 981 2295; x_wconf 93' lang='lat' dir='ltr'>belle</span> <span class='ocrx_word' id='word_1_134' title='bbox 1007 2228 1149 2314; x_wconf 90' lang='lat' dir='ltr'>singulas</span> <span class='ocrx_word' id='word_1_135' title='bbox 1163 2229 1333 2292; x_wconf 87' lang='lat' dir='ltr'>sententias</span> <span class='ocrx_word' id='word_1_136' title='bbox 1350 2227 1435 2291; x_wconf 90' lang='lat' dir='ltr'>inter</span> 
     </span>
     <span class='ocr_line' id='line_1_18' title="bbox 336 2329 1434 2417; baseline -0.001 -24"><span class='ocrx_word' id='word_1_137' title='bbox 336 2352 371 2394; x_wconf 89' lang='lat' dir='ltr'>se</span> <span class='ocrx_word' id='word_1_138' title='bbox 398 2338 549 2394; x_wconf 89' lang='lat' dir='ltr'>conectat.</span> <span class='ocrx_word' id='word_1_139' title='bbox 602 2329 744 2395; x_wconf 89' lang='lat' dir='ltr'>Primum</span> <span class='ocrx_word' id='word_1_140' title='bbox 770 2329 926 2417; x_wconf 87' lang='lat' dir='ltr'>perticula</span> <span class='ocrx_word' id='word_1_141' title='bbox 951 2335 1049 2416; x_wconf 80' lang='lat' dir='ltr'>,que“</span> <span class='ocrx_word' id='word_1_142' title='bbox 1070 2329 1192 2409; x_wconf 91' lang='lat' dir='ltr'>utitur,</span> <span class='ocrx_word' id='word_1_143' title='bbox 1216 2367 1255 2378; x_wconf 91' lang='lat'><em>-</em></span> <span class='ocrx_word' id='word_1_144' title='bbox 1284 2330 1434 2409; x_wconf 86' lang='lat' dir='ltr'>,effossa-</span> 
     </span>
     <span class='ocr_line' id='line_1_19' title="bbox 343 2430 1433 2518; baseline 0 -23"><span class='ocrx_word' id='word_1_145' title='bbox 343 2438 422 2518; x_wconf 89' lang='lat' dir='ltr'>que“</span> <span class='ocrx_word' id='word_1_146' title='bbox 442 2471 484 2479; x_wconf 94' lang='lat'><em>-</em></span> <span class='ocrx_word' id='word_1_147' title='bbox 508 2430 625 2495; x_wconf 90' lang='lat' dir='ltr'>deinde</span> <span class='ocrx_word' id='word_1_148' title='bbox 649 2431 795 2517; x_wconf 87' lang='lat' dir='ltr'>copulam</span> <span class='ocrx_word' id='word_1_149' title='bbox 819 2431 989 2495; x_wconf 89' lang='lat' dir='ltr'>omittit-</span> <span class='ocrx_word' id='word_1_150' title='bbox 1012 2438 1197 2511; x_wconf 80' lang='lat' dir='ltr'>,versat“-</span> <span class='ocrx_word' id='word_1_151' title='bbox 1222 2440 1288 2494; x_wconf 89' lang='lat' dir='ltr'>tum</span> <span class='ocrx_word' id='word_1_152' title='bbox 1320 2453 1433 2495; x_wconf 89' lang='lat' dir='ltr'>rursus</span> 
     </span>
     <span class='ocr_line' id='line_1_20' title="bbox 339 2530 1432 2618; baseline -0.001 -23"><span class='ocrx_word' id='word_1_153' title='bbox 339 2531 378 2595; x_wconf 88' lang='lat' dir='ltr'>ad</span> <span class='ocrx_word' id='word_1_154' title='bbox 407 2539 520 2617; x_wconf 85' lang='lat' dir='ltr'>,que“</span> <span class='ocrx_word' id='word_1_155' title='bbox 549 2531 733 2618; x_wconf 87' lang='lat' dir='ltr'>particulam</span> <span class='ocrx_word' id='word_1_156' title='bbox 761 2532 898 2597; x_wconf 90' lang='lat' dir='ltr'>recurrit</span> <span class='ocrx_word' id='word_1_157' title='bbox 927 2573 966 2582; x_wconf 93' lang='lat'>—-</span> <span class='ocrx_word' id='word_1_158' title='bbox 995 2532 1277 2616; x_wconf 79' lang='lat' dir='ltr'>,thesaurosque“</span> <span class='ocrx_word' id='word_1_159' title='bbox 1299 2568 1342 2579; x_wconf 95' lang='lat'>-</span> <span class='ocrx_word' id='word_1_160' title='bbox 1370 2530 1432 2594; x_wconf 90' lang='lat' dir='ltr'>iam</span> 
     </span>
     <span class='ocr_line' id='line_1_21' title="bbox 337 2631 1433 2719; baseline -0.003 -22"><span class='ocrx_word' id='word_1_161' title='bbox 337 2632 453 2697; x_wconf 90' lang='lat' dir='ltr'>mirum</span> <span class='ocrx_word' id='word_1_162' title='bbox 476 2633 556 2697; x_wconf 90' lang='lat' dir='ltr'>illud</span> <span class='ocrx_word' id='word_1_163' title='bbox 572 2640 735 2719; x_wconf 77' lang='lat' dir='ltr'>,quoque“</span> <span class='ocrx_word' id='word_1_164' title='bbox 755 2634 887 2713; x_wconf 91' lang='lat' dir='ltr'>inserit,</span> <span class='ocrx_word' id='word_1_165' title='bbox 916 2633 1060 2697; x_wconf 85' lang='lat' dir='ltr'>ultimam</span> <span class='ocrx_word' id='word_1_166' title='bbox 1083 2632 1221 2719; x_wconf 89' lang='lat' dir='ltr'>denique</span> <span class='ocrx_word' id='word_1_167' title='bbox 1244 2631 1433 2697; x_wconf 88' lang='lat' dir='ltr'>sententiam</span> 
     </span>
     <span class='ocr_line' id='line_1_22' title="bbox 335 2732 1435 2820; baseline 0 -22"><span class='ocrx_word' id='word_1_168' title='bbox 335 2739 401 2811; x_wconf 80' lang='lat' dir='ltr'>„et‘</span> <span class='ocrx_word' id='word_1_169' title='bbox 422 2734 576 2820; x_wconf 85' lang='lat' dir='ltr'>particula</span> <span class='ocrx_word' id='word_1_170' title='bbox 598 2733 736 2798; x_wconf 87' lang='lat' dir='ltr'>adnectit</span> <span class='ocrx_word' id='word_1_171' title='bbox 764 2776 806 2784; x_wconf 89' lang='lat'>—</span> <span class='ocrx_word' id='word_1_172' title='bbox 828 2744 884 2813; x_wconf 81' lang='lat' dir='ltr'>„et</span> <span class='ocrx_word' id='word_1_173' title='bbox 915 2744 1053 2801; x_wconf 88' lang='lat' dir='ltr'>mentem</span> <span class='ocrx_word' id='word_1_174' title='bbox 1083 2735 1194 2800; x_wconf 83' lang='lat' dir='ltr'>timor“</span> <span class='ocrx_word' id='word_1_175' title='bbox 1220 2756 1247 2798; x_wconf 89' lang='lat' dir='ltr'>e.</span> <span class='ocrx_word' id='word_1_176' title='bbox 1272 2756 1300 2819; x_wconf 92' lang='lat' dir='ltr'>q.</span> <span class='ocrx_word' id='word_1_177' title='bbox 1324 2757 1349 2798; x_wconf 88' lang='lat' dir='ltr'>s.</span> <span class='ocrx_word' id='word_1_178' title='bbox 1375 2732 1435 2798; x_wconf 91' lang='lat' dir='ltr'>His</span> 
     </span>
     <span class='ocr_line' id='line_1_23' title="bbox 335 2832 1435 2923; baseline 0 -25"><span class='ocrx_word' id='word_1_179' title='bbox 335 2832 492 2915; x_wconf 87' lang='lat' dir='ltr'>omnibns,</span> <span class='ocrx_word' id='word_1_180' title='bbox 516 2857 597 2919; x_wconf 86' lang='lat' dir='ltr'>quae</span> <span class='ocrx_word' id='word_1_181' title='bbox 622 2836 764 2921; x_wconf 89' lang='lat' dir='ltr'>peccavit</span> <span class='ocrx_word' id='word_1_182' title='bbox 784 2845 889 2923; x_wconf 85' lang='lat' dir='ltr'>poeta,</span> <span class='ocrx_word' id='word_1_183' title='bbox 911 2836 993 2901; x_wconf 90' lang='lat' dir='ltr'>illud</span> <span class='ocrx_word' id='word_1_184' title='bbox 1014 2836 1153 2920; x_wconf 90' lang='lat' dir='ltr'>denique</span> <span class='ocrx_word' id='word_1_185' title='bbox 1183 2833 1326 2914; x_wconf 85' lang='lat' dir='ltr'>edccdit,</span> <span class='ocrx_word' id='word_1_186' title='bbox 1349 2833 1435 2919; x_wconf 91' lang='lat' dir='ltr'>quod</span> 
     </span>
     <span class='ocr_line' id='line_1_24' title="bbox 334 2935 1433 3022; baseline 0 -22"><span class='ocrx_word' id='word_1_187' title='bbox 334 2944 397 3000; x_wconf 84' lang='lat' dir='ltr'>tam</span> <span class='ocrx_word' id='word_1_188' title='bbox 431 2936 600 3021; x_wconf 87' lang='lat' dir='ltr'>egregium</span> <span class='ocrx_word' id='word_1_189' title='bbox 632 2937 859 3002; x_wconf 87' lang='lat' dir='ltr'>sententiarum</span> <span class='ocrx_word' id='word_1_190' title='bbox 890 2938 1033 3002; x_wconf 90' lang='lat' dir='ltr'>ordinem</span> <span class='ocrx_word' id='word_1_191' title='bbox 1065 2935 1214 3017; x_wconf 83' lang='lat' dir='ltr'>instituit,</span> <span class='ocrx_word' id='word_1_192' title='bbox 1237 2945 1271 2998; x_wconf 91' lang='lat' dir='ltr'>ut</span> <span class='ocrx_word' id='word_1_193' title='bbox 1293 2935 1433 3022; x_wconf 92' lang='lat' dir='ltr'>primum</span> 
     </span>
     <span class='ocr_line' id='line_1_25' title="bbox 337 3036 1428 3122; baseline 0 -22"><span class='ocrx_word' id='word_1_194' title='bbox 337 3037 378 3102; x_wconf 91' lang='lat' dir='ltr'>de</span> <span class='ocrx_word' id='word_1_195' title='bbox 400 3036 540 3117; x_wconf 90' lang='lat' dir='ltr'>sudore,</span> <span class='ocrx_word' id='word_1_196' title='bbox 573 3059 636 3122; x_wconf 91' lang='lat' dir='ltr'>quo</span> <span class='ocrx_word' id='word_1_197' title='bbox 668 3037 828 3103; x_wconf 82' lang='lat' dir='ltr'>somnians</span> <span class='ocrx_word' id='word_1_198' title='bbox 850 3049 970 3119; x_wconf 82' lang='lat' dir='ltr'>manat,</span> <span class='ocrx_word' id='word_1_199' title='bbox 1003 3037 1120 3101; x_wconf 91' lang='lat' dir='ltr'>deinde</span> <span class='ocrx_word' id='word_1_200' title='bbox 1149 3036 1190 3101; x_wconf 90' lang='lat' dir='ltr'>de</span> <span class='ocrx_word' id='word_1_201' title='bbox 1220 3039 1334 3102; x_wconf 91' lang='lat' dir='ltr'>timore</span> <span class='ocrx_word' id='word_1_202' title='bbox 1359 3036 1428 3101; x_wconf 89' lang='lat' dir='ltr'>eius</span> 
     </span>
     <span class='ocr_line' id='line_1_26' title="bbox 337 3138 496 3224; baseline -0.013 -22"><span class='ocrx_word' id='word_1_203' title='bbox 337 3138 496 3224; x_wconf 83' lang='lat' dir='ltr'>loquatur.</span> 
     </span>
    </p>

    <p class='ocr_par' dir='ltr' id='par_1_3' title="bbox 336 3236 1438 4535">
     <span class='ocr_line' id='line_1_27' title="bbox 381 3236 1436 3321; baseline -0.002 -17"><span class='ocrx_word' id='word_1_204' title='bbox 381 3240 473 3321; x_wconf 83' lang='lat' dir='ltr'>Quae</span> <span class='ocrx_word' id='word_1_205' title='bbox 498 3263 569 3305; x_wconf 90' lang='lat' dir='ltr'>cum</span> <span class='ocrx_word' id='word_1_206' title='bbox 591 3239 633 3303; x_wconf 86' lang='lat' dir='ltr'>ita</span> <span class='ocrx_word' id='word_1_207' title='bbox 654 3240 735 3319; x_wconf 90' lang='lat' dir='ltr'>sint,</span> <span class='ocrx_word' id='word_1_208' title='bbox 766 3238 853 3303; x_wconf 90' lang='lat' dir='ltr'>haud</span> <span class='ocrx_word' id='word_1_209' title='bbox 889 3247 1012 3303; x_wconf 88' lang='lat' dir='ltr'>temere</span> <span class='ocrx_word' id='word_1_210' title='bbox 1044 3247 1184 3304; x_wconf 89' lang='lat' dir='ltr'>statuere</span> <span class='ocrx_word' id='word_1_211' title='bbox 1215 3238 1291 3302; x_wconf 89' lang='lat' dir='ltr'>mihi</span> <span class='ocrx_word' id='word_1_212' title='bbox 1322 3236 1436 3302; x_wconf 88' lang='lat' dir='ltr'>videor</span> 
     </span>
     <span class='ocr_line' id='line_1_28' title="bbox 336 3337 1436 3429; baseline -0.001 -24"><span class='ocrx_word' id='word_1_213' title='bbox 336 3339 498 3420; x_wconf 87' lang='lat' dir='ltr'>Petronio,</span> <span class='ocrx_word' id='word_1_214' title='bbox 525 3361 618 3426; x_wconf 87' lang='lat' dir='ltr'>quem</span> <span class='ocrx_word' id='word_1_215' title='bbox 647 3342 766 3404; x_wconf 89' lang='lat' dir='ltr'>bonum</span> <span class='ocrx_word' id='word_1_216' title='bbox 790 3361 860 3405; x_wconf 89' lang='lat' dir='ltr'>esse</span> <span class='ocrx_word' id='word_1_217' title='bbox 884 3347 1012 3426; x_wconf 87' lang='lat' dir='ltr'>poetam</span> <span class='ocrx_word' id='word_1_218' title='bbox 1039 3361 1080 3404; x_wconf 91' lang='lat' dir='ltr'>ne</span> <span class='ocrx_word' id='word_1_219' title='bbox 1110 3338 1283 3405; x_wconf 84' lang='lat' dir='ltr'>acerrimus</span> <span class='ocrx_word' id='word_1_220' title='bbox 1307 3337 1436 3429; x_wconf 92' lang='lat' dir='ltr'>quidem</span> 
     </span>
     <span class='ocr_line' id='line_1_29' title="bbox 337 3440 1437 3526; baseline -0.001 -20"><span class='ocrx_word' id='word_1_221' title='bbox 337 3440 533 3507; x_wconf 83' lang='lat' dir='ltr'>existimator</span> <span class='ocrx_word' id='word_1_222' title='bbox 554 3441 695 3526; x_wconf 85' lang='lat' dir='ltr'>negabit,</span> <span class='ocrx_word' id='word_1_223' title='bbox 729 3441 790 3505; x_wconf 88' lang='lat' dir='ltr'>hoc</span> <span class='ocrx_word' id='word_1_224' title='bbox 823 3463 951 3505; x_wconf 86' lang='lat' dir='ltr'>carmen</span> <span class='ocrx_word' id='word_1_225' title='bbox 975 3461 1047 3504; x_wconf 90' lang='lat' dir='ltr'>esse</span> <span class='ocrx_word' id='word_1_226' title='bbox 1070 3440 1326 3507; x_wconf 85' lang='lat' dir='ltr'>abiudicandum.</span> <span class='ocrx_word' id='word_1_227' title='bbox 1369 3440 1437 3509; x_wconf 83' lang='lat' dir='ltr'>Sed</span> 
     </span>
     <span class='ocr_line' id='line_1_30' title="bbox 336 3541 1436 3626; baseline 0 -20"><span class='ocrx_word' id='word_1_228' title='bbox 336 3563 378 3606; x_wconf 92' lang='lat' dir='ltr'>ne</span> <span class='ocrx_word' id='word_1_229' title='bbox 401 3542 530 3606; x_wconf 91' lang='lat' dir='ltr'>minima</span> <span class='ocrx_word' id='word_1_230' title='bbox 553 3543 594 3606; x_wconf 91' lang='lat' dir='ltr'>de</span> <span class='ocrx_word' id='word_1_231' title='bbox 616 3542 730 3607; x_wconf 76' lang='lat' dir='ltr'>hamre</span> <span class='ocrx_word' id='word_1_232' title='bbox 754 3541 905 3608; x_wconf 87' lang='lat' dir='ltr'>dubitatio</span> <span class='ocrx_word' id='word_1_233' title='bbox 927 3541 981 3608; x_wconf 90' lang='lat' dir='ltr'>tibi</span> <span class='ocrx_word' id='word_1_234' title='bbox 1003 3542 1212 3626; x_wconf 88' lang='lat' dir='ltr'>relinquatur,</span> <span class='ocrx_word' id='word_1_235' title='bbox 1227 3542 1289 3606; x_wconf 85' lang='lat' dir='ltr'>iam</span> <span class='ocrx_word' id='word_1_236' title='bbox 1304 3542 1436 3608; x_wconf 90' lang='lat' dir='ltr'>demon·</span> 
     </span>
     <span class='ocr_line' id='line_1_31' title="bbox 336 3641 1436 3729; baseline -0.001 -21"><span class='ocrx_word' id='word_1_237' title='bbox 336 3644 451 3723; x_wconf 86' lang='lat' dir='ltr'>strabo,</span> <span class='ocrx_word' id='word_1_238' title='bbox 477 3664 539 3728; x_wconf 92' lang='lat' dir='ltr'>quo</span> <span class='ocrx_word' id='word_1_239' title='bbox 561 3652 749 3729; x_wconf 85' lang='lat' dir='ltr'>argumento</span> <span class='ocrx_word' id='word_1_240' title='bbox 767 3664 820 3707; x_wconf 88' lang='lat' dir='ltr'>res</span> <span class='ocrx_word' id='word_1_241' title='bbox 837 3641 1010 3721; x_wconf 88' lang='lat' dir='ltr'>conficitur,</span> <span class='ocrx_word' id='word_1_242' title='bbox 1033 3650 1161 3728; x_wconf 92' lang='lat' dir='ltr'>poetam</span> <span class='ocrx_word' id='word_1_243' title='bbox 1178 3663 1259 3728; x_wconf 92' lang='lat' dir='ltr'>opus</span> <span class='ocrx_word' id='word_1_244' title='bbox 1282 3667 1376 3708; x_wconf 92' lang='lat' dir='ltr'>suum</span> <span class='ocrx_word' id='word_1_245' title='bbox 1393 3664 1436 3707; x_wconf 82' lang='lat' dir='ltr'>ex</span> 
     </span>
     <span class='ocr_line' id='line_1_32' title="bbox 340 3743 1436 3831; baseline 0 -23"><span class='ocrx_word' id='word_1_246' title='bbox 340 3743 418 3809; x_wconf 90' lang='lat' dir='ltr'>locis</span> <span class='ocrx_word' id='word_1_247' title='bbox 439 3744 639 3809; x_wconf 86' lang='lat' dir='ltr'>Petronianis</span> <span class='ocrx_word' id='word_1_248' title='bbox 674 3744 748 3809; x_wconf 92' lang='lat' dir='ltr'>hinc</span> <span class='ocrx_word' id='word_1_249' title='bbox 780 3744 868 3809; x_wconf 90' lang='lat' dir='ltr'>illinc</span> <span class='ocrx_word' id='word_1_250' title='bbox 899 3743 1038 3831; x_wconf 89' lang='lat' dir='ltr'>adreptis</span> <span class='ocrx_word' id='word_1_251' title='bbox 1064 3745 1312 3826; x_wconf 89' lang='lat' dir='ltr'>consarcinasse,</span> <span class='ocrx_word' id='word_1_252' title='bbox 1338 3745 1436 3810; x_wconf 86' lang='lat' dir='ltr'>itaut</span> 
     </span>
     <span class='ocr_line' id='line_1_33' title="bbox 342 3843 1436 3933; baseline 0 -23"><span class='ocrx_word' id='word_1_253' title='bbox 342 3854 451 3933; x_wconf 88' lang='lat' dir='ltr'>aperta</span> <span class='ocrx_word' id='word_1_254' title='bbox 473 3844 594 3909; x_wconf 87' lang='lat' dir='ltr'>fraudis</span> <span class='ocrx_word' id='word_1_255' title='bbox 617 3846 751 3932; x_wconf 87' lang='lat' dir='ltr'>vestigia</span> <span class='ocrx_word' id='word_1_256' title='bbox 771 3843 924 3932; x_wconf 87' lang='lat' dir='ltr'>persequi</span> <span class='ocrx_word' id='word_1_257' title='bbox 945 3843 1059 3931; x_wconf 88' lang='lat' dir='ltr'>possis.</span> <span class='ocrx_word' id='word_1_258' title='bbox 1101 3843 1210 3910; x_wconf 85' lang='lat' dir='ltr'>Verba</span> <span class='ocrx_word' id='word_1_259' title='bbox 1233 3845 1317 3909; x_wconf 85' lang='lat' dir='ltr'>eninr</span> <span class='ocrx_word' id='word_1_260' title='bbox 1331 3867 1436 3932; x_wconf 89' lang='lat' dir='ltr'>,pro-</span> 
     </span>
     <span class='ocr_line' id='line_1_34' title="bbox 338 3943 1438 4031; baseline -0.001 -22"><span class='ocrx_word' id='word_1_261' title='bbox 338 3945 437 4011; x_wconf 91' lang='lat' dir='ltr'>tulit</span> <span class='ocrx_word' id='word_1_262' title='bbox 469 3967 583 4008; x_wconf 83' lang='lat' dir='ltr'>aurum</span> <span class='ocrx_word' id='word_1_263' title='bbox 618 3945 661 4008; x_wconf 94' lang='lat' dir='ltr'>in</span> <span class='ocrx_word' id='word_1_264' title='bbox 694 3945 828 4009; x_wconf 91' lang='lat' dir='ltr'>lucem</span> <span class='ocrx_word' id='word_1_265' title='bbox 861 3943 1024 4008; x_wconf 86' lang='lat' dir='ltr'>tellus“</span> <span class='ocrx_word' id='word_1_266' title='bbox 1058 3953 1151 4030; x_wconf 87' lang='lat' dir='ltr'>atquc</span> <span class='ocrx_word' id='word_1_267' title='bbox 1189 3945 1317 4025; x_wconf 87' lang='lat' dir='ltr'>,sudor</span> <span class='ocrx_word' id='word_1_268' title='bbox 1347 3966 1438 4031; x_wconf 91' lang='lat' dir='ltr'>per·</span> 
     </span>
     <span class='ocr_line' id='line_1_35' title="bbox 338 4044 1435 4131; baseline -0.001 -20"><span class='ocrx_word' id='word_1_269' title='bbox 338 4045 418 4111; x_wconf 93' lang='lat' dir='ltr'>luit</span> <span class='ocrx_word' id='word_1_270' title='bbox 454 4051 543 4109; x_wconf 81' lang='lat' dir='ltr'>ora“</span> <span class='ocrx_word' id='word_1_271' title='bbox 572 4046 738 4111; x_wconf 87' lang='lat' dir='ltr'>manifesto</span> <span class='ocrx_word' id='word_1_272' title='bbox 767 4045 934 4131; x_wconf 88' lang='lat' dir='ltr'>desumpta</span> <span class='ocrx_word' id='word_1_273' title='bbox 958 4052 1031 4108; x_wconf 92' lang='lat' dir='ltr'>sunt</span> <span class='ocrx_word' id='word_1_274' title='bbox 1059 4065 1101 4108; x_wconf 88' lang='lat' dir='ltr'>ex</span> <span class='ocrx_word' id='word_1_275' title='bbox 1124 4044 1261 4109; x_wconf 87' lang='lat' dir='ltr'>carmine</span> <span class='ocrx_word' id='word_1_276' title='bbox 1285 4045 1435 4110; x_wconf 92' lang='lat' dir='ltr'>debello</span> 
     </span>
     <span class='ocr_line' id='line_1_36' title="bbox 338 4144 1433 4232; baseline 0 -23"><span class='ocrx_word' id='word_1_277' title='bbox 338 4144 421 4209; x_wconf 89' lang='lat' dir='ltr'>civili</span> <span class='ocrx_word' id='word_1_278' title='bbox 444 4168 511 4232; x_wconf 89' lang='lat' dir='ltr'>cap.</span> <span class='ocrx_word' id='word_1_279' title='bbox 533 4144 602 4225; x_wconf 80' lang='lat'>120,</span> <span class='ocrx_word' id='word_1_280' title='bbox 626 4144 861 4231; x_wconf 91' lang='lat' dir='ltr'>quodpropter</span> <span class='ocrx_word' id='word_1_281' title='bbox 883 4153 1043 4209; x_wconf 90' lang='lat' dir='ltr'>tumorem</span> <span class='ocrx_word' id='word_1_282' title='bbox 1071 4154 1100 4209; x_wconf 90' lang='lat' dir='ltr'>et</span> <span class='ocrx_word' id='word_1_283' title='bbox 1120 4144 1361 4219; x_wconf 83' lang='lat' dir='ltr'>adfectationem</span> <span class='ocrx_word' id='word_1_284' title='bbox 1386 4145 1433 4209; x_wconf 92' lang='lat' dir='ltr'>in·</span> 
     </span>
     <span class='ocr_line' id='line_1_37' title="bbox 337 4244 1433 4333; baseline -0.002 -23"><span class='ocrx_word' id='word_1_285' title='bbox 337 4244 435 4333; x_wconf 88' lang='lat' dir='ltr'>genio</span> <span class='ocrx_word' id='word_1_286' title='bbox 459 4245 609 4331; x_wconf 82' lang='lat' dir='ltr'>Eumolpi</span> <span class='ocrx_word' id='word_1_287' title='bbox 633 4266 708 4310; x_wconf 85' lang='lat' dir='ltr'>sane</span> <span class='ocrx_word' id='word_1_288' title='bbox 740 4244 959 4330; x_wconf 87' lang='lat' dir='ltr'>dignissimam</span> <span class='ocrx_word' id='word_1_289' title='bbox 978 4267 1057 4333; x_wconf 87' lang='lat' dir='ltr'>prae</span> <span class='ocrx_word' id='word_1_290' title='bbox 1079 4245 1191 4310; x_wconf 87' lang='lat' dir='ltr'>ceteris</span> <span class='ocrx_word' id='word_1_291' title='bbox 1213 4244 1341 4309; x_wconf 88' lang='lat' dir='ltr'>videtur</span> <span class='ocrx_word' id='word_1_292' title='bbox 1362 4266 1433 4309; x_wconf 83' lang='lat' dir='ltr'>ver·</span> 
     </span>
     <span class='ocr_line' id='line_1_38' title="bbox 337 4345 1434 4433; baseline 0 -21"><span class='ocrx_word' id='word_1_293' title='bbox 337 4345 483 4412; x_wconf 89' lang='lat' dir='ltr'>sificatori</span> <span class='ocrx_word' id='word_1_294' title='bbox 504 4346 682 4433; x_wconf 89' lang='lat' dir='ltr'>placuisse:</span> <span class='ocrx_word' id='word_1_295' title='bbox 715 4346 799 4427; x_wconf 83' lang='lat' dir='ltr'>,lem</span> <span class='ocrx_word' id='word_1_296' title='bbox 830 4345 956 4432; x_wconf 91' lang='lat' dir='ltr'>pridem</span> <span class='ocrx_word' id='word_1_297' title='bbox 991 4345 1081 4410; x_wconf 89' lang='lat' dir='ltr'>nullo</span> <span class='ocrx_word' id='word_1_298' title='bbox 1106 4345 1330 4432; x_wconf 87' lang='lat' dir='ltr'>perfundimus</span> <span class='ocrx_word' id='word_1_299' title='bbox 1363 4368 1434 4412; x_wconf 86' lang='lat' dir='ltr'>ora</span> 
     </span>
     <span class='ocr_line' id='line_1_39' title="bbox 340 4446 1432 4535; baseline -0.004 -21"><span class='ocrx_word' id='word_1_300' title='bbox 340 4469 454 4514; x_wconf 87' lang='lat' dir='ltr'>eruore</span> <span class='ocrx_word' id='word_1_301' title='bbox 478 4449 548 4514; x_wconf 90' lang='lat' dir='ltr'>Nee</span> <span class='ocrx_word' id='word_1_302' title='bbox 579 4469 650 4512; x_wconf 87' lang='lat' dir='ltr'>mea</span> <span class='ocrx_word' id='word_1_303' title='bbox 670 4447 846 4535; x_wconf 84' lang='lat' dir='ltr'>Tisiphone</span> <span class='ocrx_word' id='word_1_304' title='bbox 868 4447 1010 4512; x_wconf 87' lang='lat' dir='ltr'>sitientes</span> <span class='ocrx_word' id='word_1_305' title='bbox 1046 4446 1219 4532; x_wconf 90' lang='lat' dir='ltr'>perluit</span> <span class='ocrx_word' id='word_1_306' title='bbox 1250 4456 1356 4529; x_wconf 91' lang='lat' dir='ltr'>artus,</span> <span class='ocrx_word' id='word_1_307' title='bbox 1390 4468 1432 4512; x_wconf 88' lang='lat' dir='ltr'>ex</span> 
     </span>
    </p>
   </div>
   <div class='ocr_carea' id='block_1_3' title="bbox 0 0 1782 5292">
    <p class='ocr_par' dir='ltr' id='par_1_4' title="bbox 0 0 1782 5292">
     <span class='ocr_line' id='line_1_40' title="bbox 0 0 1782 5292; baseline 0 0"><span class='ocrx_word' id='word_1_308' title='bbox 0 0 1782 5292; x_wconf 95' lang='lat' dir='ltr'> </span> 
     </span>
    </p>
   </div>
  </div>
 </body>
</html>
