3542 5292
866 584 890 649 4

339 805 381 816 -
405 790 515 833 omnes
537 789 614 833 vero
640 763 719 852 quas
737 768 897 855 inspicere
918 768 997 832 mihi
1018 755 1106 833 licuit
1128 767 1282 834 editiones
1296 770 1434 834 eundem

338 899 416 964 prae
440 900 475 942 se
498 878 604 966 ferunt
624 915 667 925 —
687 876 871 942 foedissime
892 879 1053 941 turbatum
1078 877 1175 942 fuisse
1192 878 1285 964 facile
1302 878 1431 960 videbit,

336 978 389 1063 qui
411 978 499 1043 illam
523 1001 594 1044 eum
612 977 805 1063 Traguriani
827 977 935 1042 verbis
956 978 1010 1041 vel
1035 978 1137 1041 obiter
1152 971 1327 1043 contulerit.
1350 977 1432 1042 Nam

341 1078 455 1144 eadem
478 1080 546 1142 iere
565 1079 695 1158 ratione,
721 1079 855 1163 quaein
884 1078 1043 1165 excerptis
1068 1078 1205 1164 vulgatis
1230 1067 1430 1166 conspicitur,

337 1179 474 1244 narratio
497 1200 593 1265 saepe
615 1179 757 1243 mutilata
783 1189 839 1261 est,
864 1180 917 1245 vel
938 1179 1200 1260 totisenunciatis
1223 1181 1276 1250 vel
1295 1180 1430 1264 singulis

337 1280 444 1345 verbis
479 1272 601 1345 librarii
634 1279 761 1344 arbitrio
793 1279 926 1343 omissis
978 1279 1074 1360 Quod
1097 1281 1243 1366 quoniam
1270 1280 1429 1344 interdum

335 1379 380 1444 eis
403 1379 481 1445 locis
502 1382 616 1445 foetum
645 1389 700 1462 est,
725 1380 779 1444 ubi
801 1378 1018 1464 Tragurianus
1042 1381 1182 1464 graviori
1197 1381 1272 1445 vitio
1296 1381 1427 1462 laborat,

334 1480 457 1546 eisdem
486 1479 564 1544 loeis
597 1480 688 1544 etiam
730 1481 896 1565 exemplar
924 1481 1011 1545 unde
1053 1482 1114 1545 hoe
1141 1482 1430 1566 fragmentumde-

336 1581 487 1665 scriptum
511 1581 559 1662 sit,
586 1590 768 1666 corruptum
791 1580 889 1644 fuisse
913 1602 974 1645 nec
996 1581 1064 1645 sino
1099 1592 1184 1646 certo
1214 1581 1345 1667 oonsilio
1377 1581 1431 1644 illa

334 1693 457 1746 resecta
493 1704 564 1746 esse
594 1681 740 1747 conicias.
793 1682 936 1747 Adsedit
956 1682 1055 1766 >quod
1084 1682 1231 1755 librarius
1260 1670 1429 1747 ¹vocabulis

332 1785 441 1872 paullo
462 1783 634 1850 rarioribus
658 1783 769 1847 usitata
783 1783 945 1852 interdum¹
962 1776 1130 1848 substituit.
1156 1782 1237 1848 Cum
1251 1783 1310 1848 hae
1331 1783 1429 1850 licen*

331 1884 389 1965 tia,
423 1907 485 1970 qua
515 1883 547 1947 in
574 1886 673 1948 verba
695 1885 857 1969 scriptoris
881 1894 1043 1969 grassatus
1070 1894 1138 1964 est,
1171 1884 1317 1968 supinam
1353 1907 1426 1950 eon-

332 1985 435 2050 iunxit
454 1985 705 2070 neglegentiam.
750 1983 908 2050 Ordinem
931 1986 1015 2050 enim
1038 1987 1214 2062 verborum.
1231 2007 1334 2075 saepe
1357 2006 1429 2070 per-

332 2087 486 2168 turbavit,
518 2085 550 2150 in
575 2086 709 2172 singulis
739 2097 843 2151 autem
871 2087 978 2153 verbis
1006 2086 1057 2150 vel
1080 2086 1193 2149 lenius.
1219 2085 1271 2150 vel
1300 2085 1429 2170 gravius

331 2189 499 2272 peccavit,
540 2189 624 2272 quod
655 2187 724 2251 sine
758 2187 855 2252 dubio
892 2188 984 2252 etiam
1022 2187 1121 2251 multo
1154 2186 1279 2272 saepius
1301 2190 1428 2253 ,obser-

331 2309 408 2352 vare
430 2309 618 2372 possemus,
643 2288 671 2351 si
700 2288 740 2351 ad
764 2288 868 2373 ipsum
895 2288 1071 2372 scripturae
1105 2288 1227 2351 fontem·
1260 2301 1428 2353 recurrere

331 2389 422 2455 nobis
443 2390 564 2455 liceret.
607 2387 722 2472 Neque
754 2388 838 2452 enim
869 2388 1002 2478 dubito,
1032 2389 1108 2472 quin
1139 2389 1277 2453 editores
1309 2389 1426 2468 multa,

333 2513 412 2575 quae
443 2490 543 2576 quivis
569 2490 671 2554 statim
694 2490 776 2554 inter
806 2490 982 2574 legendum
1009 2490 1160 2575 corrigit,
1198 2491 1289 2556 tacite
1322 2512 1428 2554 emen-

307 2591 486 2656 daverint.
535 2591 645 2676 Itaque
685 2594 729 2656 eis
761 2592 851 2674 locis,
883 2593 939 2657 ubi
971 2590 1189 2677 Tragurianus
1217 2582 1332 2657 leniter
1361 2615 1428 2658 cor·

331 2702 442 2778 ruptus
466 2701 513 2756 est
527 2740 537 2773 ,
564 2693 709 2777 antiquae
743 2695 1025 2758 autemeditiones
1051 2717 1159 2759 veram
1191 2695 1310 2765 babent
1330 2694 1427 2778 serip-

331 2802 434 2857 turam
464 2802 550 2858 certo
582 2793 748 2859 diiudicari
778 2797 905 2878 nequit,
938 2806 1043 2859 utrum
1065 2796 1120 2859 illa
1143 2818 1184 2860 ex
1206 2795 1295 2860 libris
1318 2796 1429 2858 hausta

332 2893 372 2956 sit
404 2916 443 2957 an
467 2895 642 2958 editoribus
667 2895 830 2959 debeatur.
872 2895 1044 2960 Nonnullis
1075 2890 1288 2961 tamen'loeis
1317 2914 1427 2959 manus

333 2993 651 3079 scriptorisservata
681 3005 728 3060 est
759 2997 893 3081 antiquis
924 2996 1123 3061 editionibus.
1167 2997 1226 3065 Sic·
1244 3020 1311 3082 oap.
1334 2997 1428 3076 30‚2

332 3104 419 3160 recte
450 3095 568 3160 habent
598 3094 662 3177 „tt
692 3096 847 3183 Pompeio
871 3095 1123 3162 Trimalchioni“
1154 3108 1185 3161 et
1205 3099 1314 3184 paullo
1346 3098 1428 3160 infra

331 3192 553 3276 „G.noster“;
576 3193 794 3280 Tragurianus
812 3219 982 3282 perperam
1003 3195 1114 3280 „O.N.
1128 3196 1282 3282 Pompeio
1294 3195 1425 3279 Trimal·

335 3295 464 3359 chioni“
490 3306 521 3359 et
541 3296 624 3359 infra
645 3319 760 3377 „eum
784 3304 926 3362 noster“.
957 3289 1069 3362 ¹Porro
1101 3289 1317 3382 Tragurianus
1341 3296 1427 3360 haud

332 3415 404 3458 raro
438 3405 472 3458 ut
500 3406 612 3481 postea
647 3395 826 3464 videbimus
863 3421 961 3461 unum
993 3399 1097 3463 duovo
1129 3397 1284 3461 voeabula
1315 3395 1428 3459 omittit

334 3516 436 3579 eoque
461 3495 537 3560 vitio
564 3490 658 3561 etiam*
683 3497 715 3561 in
743 3498 803 3562 hae
831 3500 872 3563 de
904 3522 965 3585 qua
987 3499 1110 3584 agimus
1135 3521 1252 3563 coenae
1273 3498 1427 3582 particula

330 3595 463 3660 laborat.
506 3594 607 3663 Locos
623 3598 665 3662 ita
687 3609 863 3685 corruptos,
891 3623 970 3685 quos
989 3600 1161 3678 emendare
1184 3599 1260 3664 lieet
1282 3608 1426 3667 veterum

333 3699 508 3764 editionum
533 3699 662 3783 auxilio,
688 3701 872 3766 adscribere
896 3702 1023 3766 iuvabit.
1068 3699 1147 3786 Cap.
1168 3701 1228 3782 28,
1253 3701 1272 3764 8
1294 3700 1327 3763 in
1351 3698 1426 3762 Tra-

331 3800 466 3885 guriano
495 3802 646 3887 seriptum
673 3813 736 3866 est:
767 3804 892 3884 „stabat
920 3802 1066 3866 ostiarius
1097 3851 1103 3864 .
1129 3847 1137 3863 .
1162 3850 1168 3863 .
1200 3810 1294 3886 atque
1324 3800 1356 3863 in
1378 3822 1426 3863 ar-

308 3910 448 3986 ,gentea
470 3901 574 3987 pisum
599 3905 790 3988 purgabat.“
837 3903 1082 3984 Substantivum,
1112 3902 1196 3987 quod
1216 3902 1424 3981 desideratur,

334 4002 368 4065 in
391 4003 594 4086 editionibus,
610 4027 688 4089 quae
713 4005 770 4086 „in
789 4005 910 4070 lance
931 3994 1106 4090 argentea“
1126 4004 1254 4084 habent,
1276 4002 1425 4068 reetead·

240 4166 243 4178 ,
333 4103 427 4167 ditur.
472 4102 550 4190 Cap.
574 4105 658 4187 33,2
680 4105 883 4192 „Notavique
904 4128 973 4170 rem
996 4107 1136 4171 omnium
1162 4103 1425 4168 delicatissimam.

331 4203 395 4269 Pro
417 4207 545 4271 calculis
569 4207 652 4272 enim
679 4233 723 4277 ae,
737 4208 837 4296 nigris
860 4194 981 4273 aureos
1003 4216 1237 4293 argenteosque
1268 4206 1427 4271 habebat“

333 4309 463 4374 -soil
486 4310 649 4375 tabula-
673 4311 881 4393 „denarios.“
923 4309 971 4374 Ita
1001 4308 1236 4395 Tragurianus3
1270 4309 1425 4374 editiones

331 4409 463 4492 „albis
484 4420 553 4474 aut
573 4412 709 4497 nigris.“
752 4412 843 4476 Patet
865 4422 987 4497 partem
1008 4434 1104 4476 verae
1127 4412 1319 4497 scripturae,
1344 4428 1425 4493 quae

334 4510 414 4577 haee
436 4522 483 4578 est
511 4513 647 4597 „albis
670 4538 712 4580 ae
733 4513 858 4598 nigris“
882 4514 915 4577 in
933 4522 1070 4598 utroque
1092 4513 1271 4579 testimonio
1289 4509 1429 4595 'positam
