<?xml version="1.0" encoding="UTF-8"?>
<!DOCTYPE html PUBLIC "-//W3C//DTD XHTML 1.0 Transitional//EN"
    "http://www.w3.org/TR/xhtml1/DTD/xhtml1-transitional.dtd">
<html xmlns="http://www.w3.org/1999/xhtml" xml:lang="en" lang="en">
 <head>
  <title>
</title>
<meta http-equiv="Content-Type" content="text/html;charset=utf-8" />
  <meta name='ocr-system' content='tesseract 3.04.00' />
  <meta name='ocr-capabilities' content='ocr_page ocr_carea ocr_par ocr_line ocrx_word'/>
</head>
<body>
  <div class='ocr_page' id='page_1' title='image "./observationescr00wehlgoog/observationescr00wehlgoog_0008.png"; bbox 0 0 3542 5292; ppageno 0'>
   <div class='ocr_carea' id='block_1_1' title="bbox 330 1251 1529 4569">
    <p class='ocr_par' dir='ltr' id='par_1_1' title="bbox 335 1251 1529 2353">
     <span class='ocr_line' id='line_1_1' title="bbox 382 1251 1462 1347; baseline 0.002 -24"><span class='ocrx_word' id='word_1_1' title='bbox 382 1258 513 1323; x_wconf 90' lang='lat' dir='ltr'>Praeter</span> <span class='ocrx_word' id='word_1_2' title='bbox 536 1282 666 1323; x_wconf 91' lang='lat' dir='ltr'>coenam</span> <span class='ocrx_word' id='word_1_3' title='bbox 680 1281 760 1346; x_wconf 90' lang='lat' dir='ltr'>quae</span> <span class='ocrx_word' id='word_1_4' title='bbox 780 1259 894 1326; x_wconf 86' lang='lat' dir='ltr'>dieitur</span> <span class='ocrx_word' id='word_1_5' title='bbox 905 1259 1147 1325; x_wconf 89' lang='lat' dir='ltr'>Trimalchionis</span> <span class='ocrx_word' id='word_1_6' title='bbox 1161 1261 1312 1347; x_wconf 79' lang='lat' dir='ltr'>peculiari</span> <span class='ocrx_word' id='word_1_7' title='bbox 1335 1261 1430 1326; x_wconf 90' lang='lat' dir='ltr'>libro·</span> <span class='ocrx_word' id='word_1_8' title='bbox 1459 1251 1462 1257; x_wconf 36' lang='lat'>⁵</span> 
     </span>
     <span class='ocr_line' id='line_1_2' title="bbox 340 1360 1429 1448; baseline 0.004 -26"><span class='ocrx_word' id='word_1_9' title='bbox 340 1381 411 1423; x_wconf 84' lang='lat' dir='ltr'>rum</span> <span class='ocrx_word' id='word_1_10' title='bbox 427 1360 493 1423; x_wconf 90' lang='lat' dir='ltr'>fide</span> <span class='ocrx_word' id='word_1_11' title='bbox 513 1360 592 1423; x_wconf 92' lang='lat' dir='ltr'>nihil</span> <span class='ocrx_word' id='word_1_12' title='bbox 612 1360 717 1446; x_wconf 89' lang='lat' dir='ltr'>operis</span> <span class='ocrx_word' id='word_1_13' title='bbox 739 1360 919 1425; x_wconf 83' lang='lat' dir='ltr'>Petroniam</span> <span class='ocrx_word' id='word_1_14' title='bbox 941 1373 1099 1426; x_wconf 82' lang='lat' dir='ltr'>servatum</span> <span class='ocrx_word' id='word_1_15' title='bbox 1113 1371 1169 1441; x_wconf 88' lang='lat' dir='ltr'>est,</span> <span class='ocrx_word' id='word_1_16' title='bbox 1181 1363 1240 1426; x_wconf 89' lang='lat' dir='ltr'>nisi</span> <span class='ocrx_word' id='word_1_17' title='bbox 1263 1372 1429 1448; x_wconf 85' lang='lat' dir='ltr'>excerpto-</span> 
     </span>
     <span class='ocr_line' id='line_1_3' title="bbox 339 1460 1430 1546; baseline 0.003 -23"><span class='ocrx_word' id='word_1_18' title='bbox 339 1482 409 1523; x_wconf 86' lang='lat' dir='ltr'>rum</span> <span class='ocrx_word' id='word_1_19' title='bbox 433 1460 583 1542; x_wconf 89' lang='lat' dir='ltr'>delectus,</span> <span class='ocrx_word' id='word_1_20' title='bbox 606 1483 699 1546; x_wconf 90' lang='lat' dir='ltr'>quem</span> <span class='ocrx_word' id='word_1_21' title='bbox 732 1461 784 1545; x_wconf 90' lang='lat' dir='ltr'>qui</span> <span class='ocrx_word' id='word_1_22' title='bbox 808 1462 883 1526; x_wconf 88' lang='lat' dir='ltr'>olim</span> <span class='ocrx_word' id='word_1_23' title='bbox 909 1463 1043 1527; x_wconf 76' lang='lat' dir='ltr'><strong>confecit</strong></span> <span class='ocrx_word' id='word_1_24' title='bbox 1066 1485 1134 1526; x_wconf 89' lang='lat' dir='ltr'>rem</span> <span class='ocrx_word' id='word_1_25' title='bbox 1156 1463 1198 1526; x_wconf 89' lang='lat' dir='ltr'>ita</span> <span class='ocrx_word' id='word_1_26' title='bbox 1219 1463 1364 1543; x_wconf 89' lang='lat' dir='ltr'>instituit,</span> <span class='ocrx_word' id='word_1_27' title='bbox 1395 1473 1430 1526; x_wconf 90' lang='lat' dir='ltr'>ut</span> 
     </span>
     <span class='ocr_line' id='line_1_4' title="bbox 341 1562 1429 1648; baseline 0 -22"><span class='ocrx_word' id='word_1_28' title='bbox 341 1562 478 1626; x_wconf 87' lang='lat' dir='ltr'>earmina</span> <span class='ocrx_word' id='word_1_29' title='bbox 512 1562 683 1626; x_wconf 84' lang='lat' dir='ltr'>narrationi</span> <span class='ocrx_word' id='word_1_30' title='bbox 711 1562 829 1627; x_wconf 90' lang='lat' dir='ltr'>inserta</span> <span class='ocrx_word' id='word_1_31' title='bbox 858 1563 1042 1647; x_wconf 88' lang='lat' dir='ltr'>fabulasque</span> <span class='ocrx_word' id='word_1_32' title='bbox 1071 1563 1156 1627; x_wconf 90' lang='lat' dir='ltr'>haud</span> <span class='ocrx_word' id='word_1_33' title='bbox 1186 1564 1228 1627; x_wconf 90' lang='lat' dir='ltr'>ita</span> <span class='ocrx_word' id='word_1_34' title='bbox 1258 1564 1370 1648; x_wconf 89' lang='lat' dir='ltr'>longas</span> <span class='ocrx_word' id='word_1_35' title='bbox 1392 1586 1429 1627; x_wconf 90' lang='lat' dir='ltr'>ac</span> 
     </span>
     <span class='ocr_line' id='line_1_5' title="bbox 337 1661 1429 1749; baseline 0 -23"><span class='ocrx_word' id='word_1_36' title='bbox 337 1661 535 1747; x_wconf 90' lang='lat' dir='ltr'>potissimum</span> <span class='ocrx_word' id='word_1_37' title='bbox 559 1663 687 1749; x_wconf 90' lang='lat' dir='ltr'>quidem</span> <span class='ocrx_word' id='word_1_38' title='bbox 713 1667 905 1744; x_wconf 89' lang='lat' dir='ltr'>obscoenas,</span> <span class='ocrx_word' id='word_1_39' title='bbox 931 1664 1068 1747; x_wconf 91' lang='lat' dir='ltr'>denique</span> <span class='ocrx_word' id='word_1_40' title='bbox 1090 1686 1144 1727; x_wconf 88' lang='lat' dir='ltr'>eos</span> <span class='ocrx_word' id='word_1_41' title='bbox 1164 1664 1266 1744; x_wconf 89' lang='lat' dir='ltr'>locos,</span> <span class='ocrx_word' id='word_1_42' title='bbox 1302 1664 1353 1748; x_wconf 89' lang='lat' dir='ltr'>qui</span> <span class='ocrx_word' id='word_1_43' title='bbox 1376 1665 1429 1727; x_wconf 88' lang='lat' dir='ltr'>vel</span> 
     </span>
     <span class='ocr_line' id='line_1_6' title="bbox 337 1753 1430 1848; baseline 0.002 -22"><span class='ocrx_word' id='word_1_44' title='bbox 337 1762 562 1826; x_wconf 90' lang='lat' dir='ltr'>sententiarum</span> <span class='ocrx_word' id='word_1_45' title='bbox 587 1764 732 1828; x_wconf 84' lang='lat' dir='ltr'>acumine</span> <span class='ocrx_word' id='word_1_46' title='bbox 754 1765 808 1828; x_wconf 86' lang='lat' dir='ltr'>vel</span> <span class='ocrx_word' id='word_1_47' title='bbox 829 1753 1094 1829; x_wconf 76' lang='lat' dir='ltr'>declamationum</span> <span class='ocrx_word' id='word_1_48' title='bbox 1112 1765 1268 1848; x_wconf 84' lang='lat' dir='ltr'>elegantia</span> <span class='ocrx_word' id='word_1_49' title='bbox 1281 1765 1334 1827; x_wconf 85' lang='lat' dir='ltr'>vel</span> <span class='ocrx_word' id='word_1_50' title='bbox 1347 1787 1430 1828; x_wconf 91' lang='lat' dir='ltr'>com-</span> 
     </span>
     <span class='ocr_line' id='line_1_7' title="bbox 336 1864 1430 1949; baseline 0 -23"><span class='ocrx_word' id='word_1_51' title='bbox 336 1864 423 1927; x_wconf 92' lang='lat' dir='ltr'>muni</span> <span class='ocrx_word' id='word_1_52' title='bbox 455 1864 589 1947; x_wconf 90' lang='lat' dir='ltr'>quadam</span> <span class='ocrx_word' id='word_1_53' title='bbox 620 1875 880 1949; x_wconf 87' lang='lat' dir='ltr'>argumentorum</span> <span class='ocrx_word' id='word_1_54' title='bbox 912 1865 1044 1928; x_wconf 89' lang='lat' dir='ltr'>utilitate</span> <span class='ocrx_word' id='word_1_55' title='bbox 1075 1865 1214 1929; x_wconf 89' lang='lat' dir='ltr'>animum</span> <span class='ocrx_word' id='word_1_56' title='bbox 1239 1865 1430 1929; x_wconf 82' lang='lat' dir='ltr'>adliciebant</span> 
     </span>
     <span class='ocr_line' id='line_1_8' title="bbox 335 1963 1429 2050; baseline 0 -23"><span class='ocrx_word' id='word_1_57' title='bbox 335 1964 486 2048; x_wconf 88' lang='lat' dir='ltr'>neglecto</span> <span class='ocrx_word' id='word_1_58' title='bbox 509 1964 597 2049; x_wconf 91' lang='lat' dir='ltr'>pleni</span> <span class='ocrx_word' id='word_1_59' title='bbox 616 1965 721 2050; x_wconf 88' lang='lat' dir='ltr'>operis</span> <span class='ocrx_word' id='word_1_60' title='bbox 746 1966 874 2030; x_wconf 90' lang='lat' dir='ltr'>consilio</span> <span class='ocrx_word' id='word_1_61' title='bbox 900 1965 961 2030; x_wconf 92' lang='lat' dir='ltr'>sibi</span> <span class='ocrx_word' id='word_1_62' title='bbox 985 1966 1189 2031; x_wconf 85' lang='lat' dir='ltr'>describeret.</span> <span class='ocrx_word' id='word_1_63' title='bbox 1233 1963 1322 2029; x_wconf 88' lang='lat' dir='ltr'>Haec</span> <span class='ocrx_word' id='word_1_64' title='bbox 1350 1986 1429 2028; x_wconf 87' lang='lat' dir='ltr'>vcro</span> 
     </span>
     <span class='ocr_line' id='line_1_9' title="bbox 336 2065 1430 2152; baseline 0.001 -25"><span class='ocrx_word' id='word_1_65' title='bbox 336 2065 586 2149; x_wconf 83' lang='lat' dir='ltr'>fragmentorum</span> <span class='ocrx_word' id='word_1_66' title='bbox 613 2065 714 2130; x_wconf 90' lang='lat' dir='ltr'>series</span> <span class='ocrx_word' id='word_1_67' title='bbox 737 2066 946 2152; x_wconf 89' lang='lat' dir='ltr'>iampridem</span> <span class='ocrx_word' id='word_1_68' title='bbox 971 2066 1064 2130; x_wconf 89' lang='lat' dir='ltr'>simili</span> <span class='ocrx_word' id='word_1_69' title='bbox 1088 2066 1287 2152; x_wconf 87' lang='lat' dir='ltr'>excerpendi</span> <span class='ocrx_word' id='word_1_70' title='bbox 1309 2066 1430 2130; x_wconf 89' lang='lat' dir='ltr'>ratione</span> 
     </span>
     <span class='ocr_line' id='line_1_10' title="bbox 335 2165 1430 2252; baseline 0 -24"><span class='ocrx_word' id='word_1_71' title='bbox 335 2187 444 2230; x_wconf 86' lang='lat' dir='ltr'>rursus</span> <span class='ocrx_word' id='word_1_72' title='bbox 475 2165 508 2229; x_wconf 94' lang='lat' dir='ltr'>in</span> <span class='ocrx_word' id='word_1_73' title='bbox 539 2167 721 2231; x_wconf 88' lang='lat' dir='ltr'>breviorem</span> <span class='ocrx_word' id='word_1_74' title='bbox 749 2168 890 2252; x_wconf 89' lang='lat' dir='ltr'>speciem</span> <span class='ocrx_word' id='word_1_75' title='bbox 912 2166 1041 2232; x_wconf 84' lang='lat' dir='ltr'>redacta</span> <span class='ocrx_word' id='word_1_76' title='bbox 1074 2178 1138 2247; x_wconf 90' lang='lat' dir='ltr'>est,</span> <span class='ocrx_word' id='word_1_77' title='bbox 1173 2168 1261 2231; x_wconf 90' lang='lat' dir='ltr'>euius</span> <span class='ocrx_word' id='word_1_78' title='bbox 1291 2167 1321 2230; x_wconf 92' lang='lat' dir='ltr'>hi</span> <span class='ocrx_word' id='word_1_79' title='bbox 1352 2189 1430 2250; x_wconf 91' lang='lat' dir='ltr'>quos</span> 
     </span>
     <span class='ocr_line' id='line_1_11' title="bbox 335 2258 1529 2353; baseline 0.002 -25"><span class='ocrx_word' id='word_1_80' title='bbox 335 2266 415 2331; x_wconf 87' lang='lat' dir='ltr'>infra</span> <span class='ocrx_word' id='word_1_81' title='bbox 438 2267 611 2352; x_wconf 87' lang='lat' dir='ltr'>perscripsi</span> <span class='ocrx_word' id='word_1_82' title='bbox 634 2269 760 2333; x_wconf 88' lang='lat' dir='ltr'>codices</span> <span class='ocrx_word' id='word_1_83' title='bbox 783 2267 858 2332; x_wconf 92' lang='lat' dir='ltr'>mihi</span> <span class='ocrx_word' id='word_1_84' title='bbox 880 2277 1008 2353; x_wconf 88' lang='lat' dir='ltr'>praesto</span> <span class='ocrx_word' id='word_1_85' title='bbox 1030 2269 1173 2331; x_wconf 88' lang='lat' dir='ltr'>fuerunt:</span> <span class='ocrx_word' id='word_1_86' title='bbox 1525 2258 1529 2263; x_wconf 39' lang='lat'><strong>⁴</strong></span> 
     </span>
    </p>

    <p class='ocr_par' dir='ltr' id='par_1_2' title="bbox 333 2367 1428 2735">
     <span class='ocr_line' id='line_1_12' title="bbox 379 2367 1426 2454; baseline -0.005 -20"><span class='ocrx_word' id='word_1_87' title='bbox 379 2367 494 2434; x_wconf 88' lang='lat' dir='ltr'>Codex</span> <span class='ocrx_word' id='word_1_88' title='bbox 514 2368 622 2433; x_wconf 92' lang='lat' dir='ltr'>Bern</span> <span class='ocrx_word' id='word_1_89' title='bbox 635 2370 769 2451; x_wconf 91' lang='lat' dir='ltr'>ensis,</span> <span class='ocrx_word' id='word_1_90' title='bbox 795 2369 1008 2434; x_wconf 86' lang='lat' dir='ltr'>bibliothecae</span> <span class='ocrx_word' id='word_1_91' title='bbox 1029 2369 1185 2454; x_wconf 87' lang='lat' dir='ltr'>publicae,</span> <span class='ocrx_word' id='word_1_92' title='bbox 1210 2389 1343 2431; x_wconf 92' lang='lat' dir='ltr'>numero</span> <span class='ocrx_word' id='word_1_93' title='bbox 1366 2368 1426 2432; x_wconf 75' lang='lat'>357</span> 
     </span>
     <span class='ocr_line' id='line_1_13' title="bbox 335 2468 1428 2554; baseline -0.001 -23"><span class='ocrx_word' id='word_1_94' title='bbox 335 2468 513 2554; x_wconf 86' lang='lat' dir='ltr'>insignitus,</span> <span class='ocrx_word' id='word_1_95' title='bbox 536 2472 806 2550; x_wconf 84' lang='lat' dir='ltr'>membranaceus,</span> <span class='ocrx_word' id='word_1_96' title='bbox 833 2471 952 2534; x_wconf 86' lang='lat' dir='ltr'>saeculi</span> <span class='ocrx_word' id='word_1_97' title='bbox 971 2470 1013 2533; x_wconf 88' lang='lat' dir='ltr'>X.</span> <span class='ocrx_word' id='word_1_98' title='bbox 1046 2468 1119 2534; x_wconf 89' lang='lat' dir='ltr'>Non</span> <span class='ocrx_word' id='word_1_99' title='bbox 1140 2469 1267 2552; x_wconf 85' lang='lat' dir='ltr'>integer</span> <span class='ocrx_word' id='word_1_100' title='bbox 1295 2476 1428 2531; x_wconf 87' lang='lat' dir='ltr'>aetatem</span> 
     </span>
     <span class='ocr_line' id='line_1_14' title="bbox 333 2565 1428 2650; baseline -0.003 -18"><span class='ocrx_word' id='word_1_101' title='bbox 333 2568 413 2634; x_wconf 89' lang='lat' dir='ltr'>tulit.</span> <span class='ocrx_word' id='word_1_102' title='bbox 442 2570 480 2650; x_wconf 74' lang='lat' dir='ltr'>ef,</span> <span class='ocrx_word' id='word_1_103' title='bbox 505 2565 620 2632; x_wconf 89' lang='lat' dir='ltr'>Orellii</span> <span class='ocrx_word' id='word_1_104' title='bbox 642 2569 768 2635; x_wconf 89' lang='lat' dir='ltr'>lection.</span> <span class='ocrx_word' id='word_1_105' title='bbox 792 2569 921 2635; x_wconf 86' lang='lat' dir='ltr'>Petron.</span> <span class='ocrx_word' id='word_1_106' title='bbox 942 2570 975 2633; x_wconf 91' lang='lat' dir='ltr'>in</span> <span class='ocrx_word' id='word_1_107' title='bbox 1003 2569 1109 2634; x_wconf 88' lang='lat' dir='ltr'>indice</span> <span class='ocrx_word' id='word_1_108' title='bbox 1140 2569 1319 2633; x_wconf 87' lang='lat' dir='ltr'>scholarum</span> <span class='ocrx_word' id='word_1_109' title='bbox 1338 2565 1428 2632; x_wconf 81' lang='lat' dir='ltr'>Turi-</span> 
     </span>
     <span class='ocr_line' id='line_1_15' title="bbox 335 2669 628 2735; baseline -0.003 -1"><span class='ocrx_word' id='word_1_110' title='bbox 335 2692 419 2735; x_wconf 88' lang='lat' dir='ltr'>cens.</span> <span class='ocrx_word' id='word_1_111' title='bbox 442 2669 515 2734; x_wconf 88' lang='lat' dir='ltr'>anni</span> <span class='ocrx_word' id='word_1_112' title='bbox 538 2670 628 2735; x_wconf 83' lang='lat'><strong>1836.</strong></span> 
     </span>
    </p>

    <p class='ocr_par' dir='ltr' id='par_1_3' title="bbox 331 2769 1498 3057">
     <span class='ocr_line' id='line_1_16' title="bbox 377 2769 1427 2852; baseline -0.002 -16"><span class='ocrx_word' id='word_1_113' title='bbox 377 2771 499 2836; x_wconf 67' lang='lat' dir='ltr'>Codex⁴</span> <span class='ocrx_word' id='word_1_114' title='bbox 524 2771 781 2852; x_wconf 81' lang='lat' dir='ltr'>Messenius,</span> <span class='ocrx_word' id='word_1_115' title='bbox 810 2774 1079 2852; x_wconf 76' lang='lat' dir='ltr'>membranaceae,</span> <span class='ocrx_word' id='word_1_116' title='bbox 1104 2770 1223 2836; x_wconf 89' lang='lat' dir='ltr'>saeculi</span> <span class='ocrx_word' id='word_1_117' title='bbox 1254 2770 1328 2834; x_wconf 86' lang='lat' dir='ltr'><strong>XII.</strong></span> <span class='ocrx_word' id='word_1_118' title='bbox 1353 2769 1427 2837; x_wconf 84' lang='lat' dir='ltr'>Ser-</span> 
     </span>
     <span class='ocr_line' id='line_1_17' title="bbox 334 2870 1427 2938; baseline -0.004 -2"><span class='ocrx_word' id='word_1_119' title='bbox 334 2881 423 2936; x_wconf 88' lang='lat' dir='ltr'>vatur</span> <span class='ocrx_word' id='word_1_120' title='bbox 446 2873 611 2937; x_wconf 83' lang='lat' dir='ltr'>Messanae</span> <span class='ocrx_word' id='word_1_121' title='bbox 642 2872 674 2935; x_wconf 91' lang='lat' dir='ltr'>in</span> <span class='ocrx_word' id='word_1_122' title='bbox 704 2873 895 2937; x_wconf 89' lang='lat' dir='ltr'>monasterio</span> <span class='ocrx_word' id='word_1_123' title='bbox 925 2872 1207 2938; x_wconf 89' lang='lat' dir='ltr'>Benedictinorum</span> <span class='ocrx_word' id='word_1_124' title='bbox 1234 2870 1267 2938; x_wconf 84' lang='lat' dir='ltr'>S.</span> <span class='ocrx_word' id='word_1_125' title='bbox 1297 2870 1427 2936; x_wconf 89' lang='lat' dir='ltr'>Placidi.</span> 
     </span>
     <span class='ocr_line' id='line_1_18' title="bbox 331 2971 1498 3057; baseline -0.001 -21"><span class='ocrx_word' id='word_1_126' title='bbox 331 2972 369 3036; x_wconf 91' lang='lat' dir='ltr'>ln</span> <span class='ocrx_word' id='word_1_127' title='bbox 390 2971 479 3036; x_wconf 88' lang='lat' dir='ltr'>initio</span> <span class='ocrx_word' id='word_1_128' title='bbox 504 2995 602 3057; x_wconf 87' lang='lat' dir='ltr'>pauca</span> <span class='ocrx_word' id='word_1_129' title='bbox 626 2973 749 3037; x_wconf 89' lang='lat' dir='ltr'>desunt.</span> <span class='ocrx_word' id='word_1_130' title='bbox 1496 3038 1498 3044; x_wconf 11' lang='lat' dir='ltr'>k</span> 
     </span>
    </p>

    <p class='ocr_par' dir='ltr' id='par_1_4' title="bbox 333 3072 1428 3256">
     <span class='ocr_line' id='line_1_19' title="bbox 374 3072 1428 3162; baseline -0.001 -23"><span class='ocrx_word' id='word_1_131' title='bbox 374 3073 488 3139; x_wconf 74' lang='lat' dir='ltr'>(lodex</span> <span class='ocrx_word' id='word_1_132' title='bbox 511 3074 759 3154; x_wconf 89' lang='lat' dir='ltr'>Vaticanus,</span> <span class='ocrx_word' id='word_1_133' title='bbox 784 3074 853 3139; x_wconf 89' lang='lat' dir='ltr'>ord.</span> <span class='ocrx_word' id='word_1_134' title='bbox 868 3073 908 3139; x_wconf 91' lang='lat' dir='ltr'>N.</span> <span class='ocrx_word' id='word_1_135' title='bbox 924 3097 955 3138; x_wconf 89' lang='lat' dir='ltr'>n.</span> <span class='ocrx_word' id='word_1_136' title='bbox 973 3077 1033 3140; x_wconf 83' lang='grc'>119</span> <span class='ocrx_word' id='word_1_137' title='bbox 1049 3075 1137 3162; x_wconf 77' lang='grc'>(670)</span> <span class='ocrx_word' id='word_1_138' title='bbox 1160 3072 1308 3154; x_wconf 88' lang='lat' dir='ltr'>Urbinas,</span> <span class='ocrx_word' id='word_1_139' title='bbox 1329 3096 1428 3138; x_wconf 91' lang='lat' dir='ltr'>mem·</span> 
     </span>
     <span class='ocr_line' id='line_1_20' title="bbox 333 3174 1265 3256; baseline 0.002 -17"><span class='ocrx_word' id='word_1_140' title='bbox 333 3177 515 3256; x_wconf 88' lang='lat' dir='ltr'>branaceus,</span> <span class='ocrx_word' id='word_1_141' title='bbox 539 3175 657 3240; x_wconf 88' lang='lat' dir='ltr'>saeculi</span> <span class='ocrx_word' id='word_1_142' title='bbox 679 3174 750 3240; x_wconf 87' lang='lat' dir='ltr'>XV.</span> <span class='ocrx_word' id='word_1_143' title='bbox 1262 3235 1265 3241; x_wconf 88' lang='lat'><em>.</em></span> 
     </span>
    </p>

    <p class='ocr_par' dir='ltr' id='par_1_5' title="bbox 333 3273 1426 3441">
     <span class='ocr_line' id='line_1_21' title="bbox 376 3273 1426 3362; baseline -0.003 -23"><span class='ocrx_word' id='word_1_144' title='bbox 376 3273 490 3340; x_wconf 82' lang='lat' dir='ltr'>Codex</span> <span class='ocrx_word' id='word_1_145' title='bbox 522 3275 869 3357; x_wconf 79' lang='lat' dir='ltr'>Laurentianus,</span> <span class='ocrx_word' id='word_1_146' title='bbox 903 3276 983 3362; x_wconf 85' lang='lat' dir='ltr'>plut.</span> <span class='ocrx_word' id='word_1_147' title='bbox 1008 3277 1059 3352; x_wconf 77' lang='lat'>97,</span> <span class='ocrx_word' id='word_1_148' title='bbox 1082 3278 1120 3340; x_wconf 84' lang='lat'>31</span> <span class='ocrx_word' id='word_1_149' title='bbox 1155 3278 1426 3354; x_wconf 88' lang='lat' dir='ltr'>membranaceus,</span> 
     </span>
     <span class='ocr_line' id='line_1_22' title="bbox 333 3375 545 3441; baseline 0 -1"><span class='ocrx_word' id='word_1_150' title='bbox 333 3375 545 3441; x_wconf 57' lang='lat' dir='ltr'>saewHXW</span> 
     </span>
    </p>

    <p class='ocr_par' dir='ltr' id='par_1_6' title="bbox 330 3466 1426 3862">
     <span class='ocr_line' id='line_1_23' title="bbox 376 3466 1426 3561; baseline -0.002 -21"><span class='ocrx_word' id='word_1_151' title='bbox 376 3475 419 3540; x_wconf 92' lang='lat' dir='ltr'>Hi</span> <span class='ocrx_word' id='word_1_152' title='bbox 445 3477 593 3558; x_wconf 89' lang='lat' dir='ltr'>codices,</span> <span class='ocrx_word' id='word_1_153' title='bbox 618 3498 752 3561; x_wconf 85' lang='lat' dir='ltr'>quorum</span> <span class='ocrx_word' id='word_1_154' title='bbox 776 3466 984 3561; x_wconf 80' lang='lat' dir='ltr'>antiquissimi</span> <span class='ocrx_word' id='word_1_155' title='bbox 1004 3477 1176 3541; x_wconf 86' lang='lat' dir='ltr'>Beruensis</span> <span class='ocrx_word' id='word_1_156' title='bbox 1199 3486 1290 3561; x_wconf 89' lang='lat' dir='ltr'>atque</span> <span class='ocrx_word' id='word_1_157' title='bbox 1309 3476 1426 3541; x_wconf 87' lang='lat' dir='ltr'>Messa-</span> 
     </span>
     <span class='ocr_line' id='line_1_24' title="bbox 330 3577 1425 3665; baseline -0.001 -25"><span class='ocrx_word' id='word_1_158' title='bbox 330 3577 400 3642; x_wconf 90' lang='lat' dir='ltr'>nius</span> <span class='ocrx_word' id='word_1_159' title='bbox 431 3579 544 3644; x_wconf 89' lang='lat' dir='ltr'>ceteris</span> <span class='ocrx_word' id='word_1_160' title='bbox 577 3580 674 3665; x_wconf 87' lang='lat' dir='ltr'>longe</span> <span class='ocrx_word' id='word_1_161' title='bbox 705 3587 883 3664; x_wconf 86' lang='lat' dir='ltr'>praestant,</span> <span class='ocrx_word' id='word_1_162' title='bbox 914 3601 1046 3664; x_wconf 86' lang='lat' dir='ltr'>prorsus</span> <span class='ocrx_word' id='word_1_163' title='bbox 1078 3579 1189 3642; x_wconf 89' lang='lat' dir='ltr'>eadem</span> <span class='ocrx_word' id='word_1_164' title='bbox 1225 3579 1344 3644; x_wconf 89' lang='lat' dir='ltr'>habent</span> <span class='ocrx_word' id='word_1_165' title='bbox 1369 3599 1425 3640; x_wconf 84' lang='lat' dir='ltr'>ex-</span> 
     </span>
     <span class='ocr_line' id='line_1_25' title="bbox 334 3674 1425 3762; baseline -0.001 -22"><span class='ocrx_word' id='word_1_166' title='bbox 334 3686 451 3762; x_wconf 87' lang='lat' dir='ltr'>eerpta.</span> <span class='ocrx_word' id='word_1_167' title='bbox 493 3677 563 3744; x_wconf 89' lang='lat' dir='ltr'>Nee</span> <span class='ocrx_word' id='word_1_168' title='bbox 585 3679 649 3744; x_wconf 89' lang='lat' dir='ltr'>rari</span> <span class='ocrx_word' id='word_1_169' title='bbox 679 3688 752 3743; x_wconf 88' lang='lat' dir='ltr'>sunt</span> <span class='ocrx_word' id='word_1_170' title='bbox 772 3678 804 3741; x_wconf 90' lang='lat' dir='ltr'>in</span> <span class='ocrx_word' id='word_1_171' title='bbox 832 3677 1032 3743; x_wconf 89' lang='lat' dir='ltr'>bibliothecis</span> <span class='ocrx_word' id='word_1_172' title='bbox 1056 3678 1130 3742; x_wconf 89' lang='lat' dir='ltr'>libri</span> <span class='ocrx_word' id='word_1_173' title='bbox 1157 3678 1253 3762; x_wconf 89' lang='lat' dir='ltr'>plane</span> <span class='ocrx_word' id='word_1_174' title='bbox 1272 3674 1425 3741; x_wconf 68' lang='lat' dir='ltr'>&#39;eiusdem</span> 
     </span>
     <span class='ocr_line' id='line_1_26' title="bbox 331 3781 473 3862; baseline 0 -20"><span class='ocrx_word' id='word_1_175' title='bbox 331 3781 473 3862; x_wconf 86' lang='lat' dir='ltr'>generis.</span> 
     </span>
    </p>

    <p class='ocr_par' dir='ltr' id='par_1_7' title="bbox 330 3874 1429 4569">
     <span class='ocr_line' id='line_1_27' title="bbox 374 3874 1428 3966; baseline -0.004 -22"><span class='ocrx_word' id='word_1_176' title='bbox 374 3879 448 3944; x_wconf 89' lang='lat' dir='ltr'>Alia</span> <span class='ocrx_word' id='word_1_177' title='bbox 468 3880 546 3944; x_wconf 89' lang='lat' dir='ltr'>ratio</span> <span class='ocrx_word' id='word_1_178' title='bbox 572 3890 619 3944; x_wconf 83' lang='lat' dir='ltr'>est</span> <span class='ocrx_word' id='word_1_179' title='bbox 644 3881 760 3946; x_wconf 89' lang='lat' dir='ltr'>codicis</span> <span class='ocrx_word' id='word_1_180' title='bbox 782 3874 1046 3966; x_wconf 85' lang='lat' dir='ltr'>Traguriani,</span> <span class='ocrx_word' id='word_1_181' title='bbox 1070 3901 1131 3963; x_wconf 91' lang='lat' dir='ltr'>quo</span> <span class='ocrx_word' id='word_1_182' title='bbox 1147 3901 1211 3942; x_wconf 90' lang='lat' dir='ltr'>non</span> <span class='ocrx_word' id='word_1_183' title='bbox 1226 3879 1329 3942; x_wconf 91' lang='lat' dir='ltr'>solum</span> <span class='ocrx_word' id='word_1_184' title='bbox 1348 3879 1428 3941; x_wconf 90' lang='lat' dir='ltr'>haee</span> 
     </span>
     <span class='ocr_line' id='line_1_28' title="bbox 332 3978 1426 4067; baseline -0.004 -22"><span class='ocrx_word' id='word_1_185' title='bbox 332 3992 483 4067; x_wconf 86' lang='lat' dir='ltr'>excerpta</span> <span class='ocrx_word' id='word_1_186' title='bbox 506 3982 713 4063; x_wconf 89' lang='lat' dir='ltr'>continentur,</span> <span class='ocrx_word' id='word_1_187' title='bbox 740 3983 798 4046; x_wconf 91' lang='lat' dir='ltr'>sed</span> <span class='ocrx_word' id='word_1_188' title='bbox 822 3983 914 4046; x_wconf 86' lang='lat' dir='ltr'>etiam</span> <span class='ocrx_word' id='word_1_189' title='bbox 938 4004 1037 4046; x_wconf 89' lang='lat' dir='ltr'>coena</span> <span class='ocrx_word' id='word_1_190' title='bbox 1060 4001 1140 4066; x_wconf 90' lang='lat' dir='ltr'>quae</span> <span class='ocrx_word' id='word_1_191' title='bbox 1167 3978 1426 4044; x_wconf 86' lang='lat' dir='ltr'>dieiturTrimal-</span> 
     </span>
     <span class='ocr_line' id='line_1_29' title="bbox 335 4079 1425 4166; baseline -0.004 -21"><span class='ocrx_word' id='word_1_192' title='bbox 335 4079 465 4162; x_wconf 90' lang='lat' dir='ltr'>chionis,</span> <span class='ocrx_word' id='word_1_193' title='bbox 492 4081 706 4166; x_wconf 83' lang='lat' dir='ltr'>fragmentum</span> <span class='ocrx_word' id='word_1_194' title='bbox 723 4081 862 4145; x_wconf 91' lang='lat' dir='ltr'>omnium</span> <span class='ocrx_word' id='word_1_195' title='bbox 877 4083 976 4166; x_wconf 89' lang='lat' dir='ltr'>longe</span> <span class='ocrx_word' id='word_1_196' title='bbox 990 4080 1223 4166; x_wconf 88' lang='lat' dir='ltr'>gravissimum,</span> <span class='ocrx_word' id='word_1_197' title='bbox 1242 4081 1328 4164; x_wconf 90' lang='lat' dir='ltr'>quod</span> <span class='ocrx_word' id='word_1_198' title='bbox 1343 4080 1425 4143; x_wconf 90' lang='lat' dir='ltr'>inter</span> 
     </span>
     <span class='ocr_line' id='line_1_30' title="bbox 334 4170 1428 4267; baseline -0.002 -21"><span class='ocrx_word' id='word_1_199' title='bbox 334 4170 438 4246; x_wconf 79' lang='lat' dir='ltr'>cetera</span> <span class='ocrx_word' id='word_1_200' title='bbox 449 4181 502 4245; x_wconf 89' lang='lat' dir='ltr'>vel</span> <span class='ocrx_word' id='word_1_201' title='bbox 518 4203 555 4246; x_wconf 92' lang='lat' dir='ltr'>eo</span> <span class='ocrx_word' id='word_1_202' title='bbox 567 4181 704 4262; x_wconf 84' lang='lat' dir='ltr'>excellit,</span> <span class='ocrx_word' id='word_1_203' title='bbox 719 4183 804 4267; x_wconf 90' lang='lat' dir='ltr'>quod</span> <span class='ocrx_word' id='word_1_204' title='bbox 817 4182 954 4246; x_wconf 88' lang='lat' dir='ltr'>narratio</span> <span class='ocrx_word' id='word_1_205' title='bbox 968 4180 1110 4245; x_wconf 88' lang='lat' dir='ltr'>sineulla</span> <span class='ocrx_word' id='word_1_206' title='bbox 1127 4182 1217 4264; x_wconf 87' lang='lat' dir='ltr'>gravi</span> <span class='ocrx_word' id='word_1_207' title='bbox 1233 4182 1345 4246; x_wconf 90' lang='lat' dir='ltr'>lacuna</span> <span class='ocrx_word' id='word_1_208' title='bbox 1369 4201 1428 4264; x_wconf 87' lang='lat' dir='ltr'>per</span> 
     </span>
     <span class='ocr_line' id='line_1_31' title="bbox 331 4281 1427 4369; baseline -0.002 -22"><span class='ocrx_word' id='word_1_209' title='bbox 331 4284 459 4369; x_wconf 87' lang='lat' dir='ltr'>longius</span> <span class='ocrx_word' id='word_1_210' title='bbox 483 4284 619 4368; x_wconf 89' lang='lat' dir='ltr'>spatium</span> <span class='ocrx_word' id='word_1_211' title='bbox 642 4285 847 4350; x_wconf 86' lang='lat' dir='ltr'>continuatur.</span> <span class='ocrx_word' id='word_1_212' title='bbox 890 4284 993 4349; x_wconf 92' lang='lat' dir='ltr'>Huius</span> <span class='ocrx_word' id='word_1_213' title='bbox 1016 4284 1089 4350; x_wconf 90' lang='lat' dir='ltr'>libri</span> <span class='ocrx_word' id='word_1_214' title='bbox 1111 4285 1230 4348; x_wconf 90' lang='lat' dir='ltr'>saeculi</span> <span class='ocrx_word' id='word_1_215' title='bbox 1251 4283 1315 4346; x_wconf 88' lang='lat' dir='ltr'>XV</span> <span class='ocrx_word' id='word_1_216' title='bbox 1339 4281 1427 4345; x_wconf 91' lang='lat' dir='ltr'>initio</span> 
     </span>
     <span class='ocr_line' id='line_1_32' title="bbox 334 4383 1428 4472; baseline -0.004 -22"><span class='ocrx_word' id='word_1_217' title='bbox 334 4388 473 4467; x_wconf 84' lang='lat' dir='ltr'>exarati,</span> <span class='ocrx_word' id='word_1_218' title='bbox 495 4386 548 4471; x_wconf 91' lang='lat' dir='ltr'>qui</span> <span class='ocrx_word' id='word_1_219' title='bbox 571 4410 653 4452; x_wconf 91' lang='lat' dir='ltr'>anno</span> <span class='ocrx_word' id='word_1_220' title='bbox 679 4387 760 4453; x_wconf 79' lang='lat'><strong>1663</strong></span> <span class='ocrx_word' id='word_1_221' title='bbox 782 4387 934 4472; x_wconf 83' lang='lat' dir='ltr'>Tragurii</span> <span class='ocrx_word' id='word_1_222' title='bbox 955 4386 988 4449; x_wconf 91' lang='lat' dir='ltr'>in</span> <span class='ocrx_word' id='word_1_223' title='bbox 1008 4385 1168 4451; x_wconf 89' lang='lat' dir='ltr'>Dalmatia</span> <span class='ocrx_word' id='word_1_224' title='bbox 1197 4393 1343 4472; x_wconf 89' lang='lat' dir='ltr'>repertus</span> <span class='ocrx_word' id='word_1_225' title='bbox 1363 4383 1428 4469; x_wconf 86' lang='lat' dir='ltr'>pri-</span> 
     </span>
     <span class='ocr_line' id='line_1_33' title="bbox 330 4483 1429 4569; baseline -0.005 -18"><span class='ocrx_word' id='word_1_226' title='bbox 330 4508 416 4552; x_wconf 90' lang='lat' dir='ltr'>mum</span> <span class='ocrx_word' id='word_1_227' title='bbox 437 4486 589 4569; x_wconf 88' lang='lat' dir='ltr'>Romam,</span> <span class='ocrx_word' id='word_1_228' title='bbox 618 4486 737 4554; x_wconf 88' lang='lat' dir='ltr'>deinde</span> <span class='ocrx_word' id='word_1_229' title='bbox 768 4510 850 4562; x_wconf 83' lang='lat' dir='ltr'>anno</span> <span class='ocrx_word' id='word_1_230' title='bbox 880 4488 962 4553; x_wconf 80' lang='lat'>1703</span> <span class='ocrx_word' id='word_1_231' title='bbox 990 4489 1024 4552; x_wconf 91' lang='lat' dir='ltr'>in</span> <span class='ocrx_word' id='word_1_232' title='bbox 1048 4487 1272 4553; x_wconf 90' lang='lat' dir='ltr'>bibliothecam</span> <span class='ocrx_word' id='word_1_233' title='bbox 1292 4483 1429 4568; x_wconf 83' lang='lat' dir='ltr'>Regiam</span> 
     </span>
    </p>
   </div>
   <div class='ocr_carea' id='block_1_2' title="bbox 0 0 1776 5292">
    <p class='ocr_par' dir='ltr' id='par_1_8' title="bbox 0 0 1776 5292">
     <span class='ocr_line' id='line_1_34' title="bbox 0 0 1776 5292; baseline 0 5"><span class='ocrx_word' id='word_1_234' title='bbox 0 0 1776 5292; x_wconf 95' lang='lat' dir='ltr'> </span> 
     </span>
    </p>
   </div>
  </div>
 </body>
</html>
