3542 5292
854 513 896 577 29

334 716 415 759 voco
444 694 582 761 recitatis
608 694 814 782 -apophoreta
849 693 1007 779 quaedam
1035 694 1171 780 singulis
1204 694 1344 758 convivis
1375 699 1436 761 tra·

335 793 453 858 duntur
477 804 572 881 atque
594 816 632 858 ea
657 795 798 880 quidem,
823 817 905 881 quae
929 795 1060 860 sortium
1077 817 1155 880 quas
1176 803 1268 859 autea
1282 817 1300 859 e
1313 797 1437 880 scypho

334 894 497 959 duxerunt
531 896 629 960 titulis
654 895 881 982 significantur.
936 897 1075 982 Semper
1104 918 1183 963 vcro
1207 912 1324 962 munus
1345 920 1436 982 pror-

332 1018 386 1059 sus
419 997 675 1082 inexspectatum
708 997 860 1062 convivae
892 997 998 1061 evenit
1029 1020 1065 1061 ac
1093 1005 1157 1061 tam
1183 1019 1343 1083 perverso
1365 1022 1437 1063 acu-

334 1096 420 1160 mine
437 1096 664 1182 excogitatum,
682 1106 717 1161 ut
729 1122 807 1162 curn·
814 1097 905 1162 titulo
927 1097 1057 1162 recitato
1082 1097 1233 1183 coniungi
1250 1121 1315 1164 non
1338 1099 1439 1185 possit

334 1196 395 1260 uisi
417 1194 559 1261 ridiculis
592 1197 739 1262 artificiis.
785 1197 851 1265 Sed
886 1220 949 1284 quo
983 1197 1099 1262 clarius
1130 1198 1304 1283 perspicias
1336 1197 1438 1283 qualis

333 1296 431 1361 fuerit
452 1295 504 1360 hic
526 1297 642 1378 ludus,
676 1298 831 1362 nonnulla
855 1299 923 1363 cius
955 1296 1106 1384 exempla
1136 1299 1247 1384 paucis
1273 1303 1437 1365 enarrabo.

335 1398 422 1462 Puer
458 1407 626 1484 postquam
663 1400 748 1463 hunc
791 1399 916 1463 titulum
955 1398 1182 1484 proclamavit:
1217 1420 1370 1477 „murena
1409 1406 1440 1462 et

342 1497 471 1576 littera“,
494 1500 625 1564 couviva
649 1500 702 1584 qui
726 1508 844 1564 sortem
868 1499 959 1564 duxit
980 1499 1030 1563 his
1054 1499 1160 1564 verbis
1184 1498 1367 1583 insignitam
1389 1521 1438 1562 ac·

339 1597 414 1684 cipit
433 1621 575 1678 „murem
597 1623 669 1664 cum
692 1624 769 1664 rana
784 1601 948 1686 alligatum
972 1601 1157 1684 fascemque
1183 1600 1303 1663 betae“.
1347 1600 1440 1664 Putet

338 1699 456 1765 fascem
487 1702 579 1765 betae
614 1701 654 1765 ad
676 1701 851 1766 secundam
883 1698 1080 1767 Graecorum
1116 1699 1253 1766 litteram
1284 1701 1439 1766 adludere

336 1822 373 1864 ac
395 1809 501 1865 cetera
523 1822 653 1887 quoque
675 1823 718 1865 ex
740 1811 806 1866 arte
826 1803 1030 1887 grammatica
1050 1801 1137 1866 haud
1157 1800 1200 1864 ita
1213 1823 1327 1865 severa
1345 1822 1438 1888 repe·

337 1900 434 1964 tenda
458 1922 548 1982 esse,
586 1901 673 1987 quasi
697 1903 888 1968 vocabulum
910 1909 1080 1983 „murena“
1104 1902 1312 1989 compositum
1335 1902 1375 1966 sit
1398 1924 1440 1966 ex

334 2007 462 2081 „muret‘
484 2012 516 2067 et
538 2009 656 2083 „rana‘t
699 2005 848 2069 Alterum
871 2004 1002 2070 adiciam
1025 2004 1221 2090 exemplum.
1267 2003 1439 2083 Convivae,

337 2103 390 2187 qui
411 2112 529 2167 sortem
559 2104 651 2168 duxit
673 2105 715 2169 ita
735 2106 936 2194 inscriptam:
964 2127 1130 2193 „passeres
1166 2115 1198 2170 et
1219 2105 1440 2183 muscarium“‚

334 2225 397 2266 uva
418 2227 511 2290 passa
535 2214 566 2268 et
587 2205 652 2270 mel
673 2205 813 2272 Atticum
837 2207 991 2272 adfertur.
1015 2206 1125 2292 ltaque
1145 2229 1205 2293 pro
1219 2204 1441 2271 muscariovel

337 2304 468 2370 flabello
479 2329 737 2395 munusprorsus
753 2308 944 2374 contrarium
959 2308 1105 2394 emergit,
1115 2307 1352 2392 iuterpasseres
1364 2326 1442 2370 vero

340 2415 370 2470 et
379 2430 472 2470 uvam
480 2429 607 2493 passam
616 2409 704 2473 nulla
714 2408 918 2474 necessitudo
928 2409 988 2473 nisi
1000 2409 1177 2473 litterarum
1193 2428 1291 2470 sonus
1305 2406 1441 2471 interce-

340 2506 393 2569 dit.
411 2506 478 2570 Iam
494 2529 571 2572 vero
590 2531 631 2572 ex
642 2532 759 2594 magno
775 2510 831 2575 illo
845 2510 1036 2576 mendorum
1050 2530 1195 2588 numero,
1213 2506 1327 2592 quibus
1348 2529 1443 2592 argu-

340 2615 483 2671 mentum
493 2607 589 2671 huius
600 2607 708 2694 capitis
721 2609 781 2672 iarn
797 2632 905 2697 perse
920 2609 992 2674 satis
1015 2609 1193 2673 intricatum
1209 2608 1310 2692 longe
1320 2607 1442 2672 difficil-

343 2707 455 2772 limum
469 2708 582 2790 evadit,
592 2731 692 2773 unum
707 2719 791 2774 certa
807 2710 929 2774 ratione
950 2710 1128 2803 removisse
1140 2708 1217 2772 mihi
1239 2707 1362 2773 videor.
1384 2707 1442 2774 Al-.

337 2817 389 2873 ter
411 2808 531 2873 scilicet
545 2808 655 2874 titulus
677 2809 863 2898 inscriptum
883 2806 1368 2889 hab‘etvocabulum„ccrvical“
1379 2830 1443 2893 quo

340 2910 776 2996 pronunciato„offlacolaris
800 2913 894 2976 allata
917 2918 992 2976 est“
1014 2912 1053 2975 In
1078 2910 1127 2976 his
1150 2912 1259 2977 verbis
1282 2911 1444 2993 „l“littera

340 3009 500 3096 duplicata
525 3011 687 3092 „collaris“
710 3011 938 3098 corrigendum
962 3033 1033 3076 esse
1066 3011 1227 3078 Studerus
1260 3010 1442 3097 perspexit,

340 3110 393 3196 qui
428 3110 461 3173 in
497 3113 625 3175 observ.
657 3112 724 3175 crit.
760 3134 792 3198 p.
824 3112 863 3174 lb
892 3134 939 3196 sq.
972 3113 1054 3175 hanc
1090 3132 1211 3174 coenae
1256 3109 1442 3196 particulam

341 3209 450 3273 dedita
468 3231 567 3295 opera
587 3212 675 3275 haud
699 3211 1037 3276 infeliciter-tractavit.
1075 3211 1168 3276 Iocus
1191 3210 1328 3274 enimin
1351 3233 1443 3289 voca·

346 3308 429 3372 bulis
451 3309 605 3389 „collum“
637 3320 669 3374 et
691 3310 838 3392 „cervix“
857 3311 991 3376 vertitur
1015 3321 1045 3376 et
1067 3333 1183 3376 munus
1209 3310 1350 3374 adlatum
1372 3309 1444 3375 titu—

343 3409 463 3493 lusque
483 3432 502 3472 a
523 3430 627 3493 puero
657 3411 805 3474 recitatus
834 3411 930 3476 simili
952 3420 1047 3496 atquc
1069 3433 1165 3497 supra
1186 3409 1349 3495 tetigimus
1373 3409 1445 3473 arti·

343 3508 417 3571 ficio
440 3507 524 3571 inter
546 3529 581 3570 se
605 3507 851 3592 coniunguntur.
895 3509 962 3574 sed
988 3509 1085 3574 ludus
1107 3531 1147 3573 eo
1169 3507 1290 3592 aliquid
1316 3507 1446 3572 obscuri

340 3609 457 3688 habet,
481 3608 568 3693 quod
591 3606 684 3672 nimis
706 3629 790 3692 vage
820 3615 916 3692 atque
937 3607 1061 3672 incerto
1081 3608 1174 3687 „offla
1204 3607 1347 3671 collaris“
1369 3606 1443 3671 dici·

343 3718 394 3774 tur
419 3709 521 3774 adlata
548 3729 619 3773 esse
639 3730 705 3772 non
726 3706 834 3771 addito
848 3706 990 3770 animalis
1013 3708 1153 3786 nomino,
1170 3707 1257 3770 uude
1279 3706 1448 3793 desumpta

343 3809 392 3873 sit.
437 3809 525 3874 Nihil
549 3809 648 3894 igitur
670 3806 870 3894 probabilius
896 3815 953 3887 est,
978 3827 1072 3890 quam
1093 3804 1279 3886 librarium,
1308 3806 1359 3870 cui
1382 3827 1447 3869 om-

342 3910 394 3973 nia
414 3910 446 3973 in
466 3911 527 3974 hoc
550 3910 653 3997 capite
672 3911 820 3972 ,obscura
841 3915 946 3987 orant,
971 3927 1090 3970 nomeu
1121 3905 1202 3969 illud
1227 3927 1288 3990 qua
1307 3913 1374 3967 erat
1397 3927 1464 3987 so-¹

344 4010 453 4075 cordia
475 4010 620 4075 omisisse
642 4033 679 4073 ac
701 4010 842 4095 speciem
866 4006 962 4072 huius
993 4005 1055 4069 loci
1077 4006 1173 4069 talem
1203 4003 1318 4069 fuisse:
1340 4002 1446 4085 ,fCer-

292 4150 295 4155 ·
345 4111 456 4176 vical'l
487 4112 561 4176 offla
591 4109 708 4176 cervi
741 4107 866 4174 collaris
900 4107 994 4171 allata
1016 4111 1088 4171 est“.
1131 4106 1197 4170 lam
1220 4104 1327 4170 omnia
1351 4106 1447 4192 planu

347 4222 421 4277 sunt
442 4236 477 4276 ac
504 4212 675 4300 perspicua
696 4232 804 4296 neque
827 4218 875 4274 est
902 4207 1006 4272 curin
1028 4205 1194 4272 artificiosa
1217 4204 1303 4270 vocis
1325 4207 1446 4287 „cervi‘

347 4314 568 4379 conlocatione
593 4312 737 4378 offendas
747 4360 757 4393 ,
778 4312 876 4376 immo
900 4310 959 4374 hac
980 4310 1049 4395 ipsa
1071 4307 1227 4389 efficitur,
1250 4316 1285 4370 ut
1306 4307 1447 4375 adnomi-

346 4416 429 4480 natio
452 4415 485 4479 in
507 4414 614 4483 verbis
634 4413 863 4497 „cervical‘
898 4420 930 4476 et
958 4409 1092 4492 „cervi
1124 4407 1323 4475 collaris“
1346 4409 1448 4499 posita
