3542 5292
888 566 928 630 16

361 748 453 838 terat]
476 752 592 842 bovem
615 749 728 831 iratum
752 747 903 812 tollere.“
944 747 1117 829 „Boram‘
1136 746 1284 815 Reis'kius
1311 754 1457 818 emenda·

361 851 424 930 vit3
448 847 665 933 Tragurianus
687 847 856 928 „Iovem.“
878 849 917 912 cf.
933 848 1097 931 capuae
1135 847 1244 929 „Hinc
1266 851 1358 916 etiam
1379 864 1457 940 puto

328 952 331 958 ’
359 960 466 1015 natum
495 949 700 1034 proverbium
731 949 813 1013 illud
846 950 969 1014 dicatur
996 960 1031 1014 ut
1055 973 1152 1035 posse
1184 962 1308 1017 taurum
1330 954 1455 1037 tollere,
1483 1029 1492 1041 .

360 1072 440 1138 quae
462 1050 596 1113 vitulum
616 1050 812 1114 sustulerit.“
835 1051 945 1116 Verba
965 1051 1112 1132 „dicatur
1132 1058 1190 1116 ut“
1213 1077 1293 1138 quae
1315 1055 1456 1122 editores

359 1162 566 1237 transponere
596 1151 668 1215 satis
691 1152 886 1234 habuerunt,
921 1153 1089 1218 secludere
1111 1176 1176 1216 non
1202 1154 1321 1219 dubito.
1366 1155 1456 1221 Haec

360 1253 500 1338 simplex
533 1252 733 1337 interpolatio
769 1253 1039 1338 quemadmodum
1067 1254 1230 1340 paullatim
1262 1256 1352 1322 latius
1382 1280 1456 1343 pro·

361 1375 474 1437 gressa
494 1352 533 1415 sit
559 1374 601 1415 cx
617 1353 727 1416 codice
749 1353 910 1429 Messenio
932 1353 1072 1439 perspici
1093 1364 1215 1440 potest,
1238 1355 1270 1416 in
1288 1377 1350 1439 quo
1367 1357 1455 1420 'male

361 1461 536 1518 correctum
559 1461 626 1515 est:
656 1453 803 1533 „dicatur
823 1463 859 1516 ut
879 1453 1049 1540 possit.“
1071 1452 1148 1540 Cap.
1164 1455 1212 1534 74,
1229 1455 1270 1518 10
1295 1455 1454 1536 „Trimal-

361 1555 430 1620 chio
454 1563 561 1618 contra
575 1555 723 1618 contusus
739 1552 905 1642 [offensus]
926 1554 1101 1620 convici0.“
1121 1553 1274 1619 Nondum
1288 1566 1455 1642 persanata

361 1666 408 1720 est
419 1655 609 1740 Traguriani
624 1655 777 1741 scriptura
791 1677 857 1741 cap.
870 1656 944 1737 29,6
953 1656 1109 1738 „Praesto
1125 1666 1191 1721 erat
1202 1656 1342 1721 Fortuna
1357 1680 1454 1723 cornu

357 1756 529 1822 abundanti
563 1755 687 1841 copiosa
719 1766 750 1820 et
769 1765 832 1820 tres
854 1756 973 1821 Parcae
995 1780 1091 1822 aurea
1111 1781 1211 1843 pensa
1234 1764 1452 1842 torquentes.“

357 1858 395 1922 ln
424 1858 536 1943 quibus
558 1857 778 1937 „abundantir
802 1858 1057 1944 expungendum
1089 1881 1159 1924 esse
1190 1859 1338 1925 Goesius'
1365 1860 1452 1941 vidit,

357 1961 416 2025 sed
439 1967 608 2044 quactum
631 1957 736 2022 evadit
758 1958 908 2022 orationis
933 1959 1034 2024 forma
1066 1960 1158 2024 nimis
1182 1960 1351 2025 artificiosa
1377 1961 1453 2025 mihi

360 2063 495 2141 videtur,
520 2082 612 2142 quam
630 2067 664 2122 ut
684 2080 753 2123 eam
770 2059 925 2146 Encolpio
946 2060 1133 2145 simpliciter
1148 2060 1290 2146 loquenti
1307 2062 1453 2127 tribuam.
1477 2090 1482 2100 ¹

357 2162 507 2230 Scribere
530 2160 656 2224 malim:
678 2157 841 2240 „Fortuna
864 2185 952 2225 cum
977 2184 1073 2227 cornu
1104 2161 1314 2248 copi·oso.“
1352 2161 1453 2225 Porro

357 2263 428 2327 talis
468 2261 670 2347 interpolatio
702 2283 768 2345 cap.
803 2262 861 2342 58,
895 2264 915 2326 2
942 2264 1068 2327 invecta
1100 2264 1175 2326 mibi
1212 2265 1358 2346 videtur,
1398 2265 1453 2329 ubi

283 2416 287 2423 .
360 2364 491 2429 libertus
525 2361 668 2446 quidam,
707 2361 795 2424 cuius
823 2361 922 2426 oratio
956 2362 1104 2428 conviciis
1136 2384 1212 2427 vere
1240 2364 1364 2428 rusticis
1399 2367 1451 2428 ab·

359 2468 472 2548 undat,
505 2464 655 2532 Gitonem
693 2489 829 2551 puerum
866 2488 1035 2551 procacem
1064 2466 1113 2528 bis
1152 2465 1260 2531 verbis
1292 2467 1450 2551 increpat:

357 2567 470 2652 „Quid
492 2567 582 2630 faciat
608 2566 708 2631 crucis
721 2566 805 2647 offla,
818 2589 987 2632 corvorum
1010 2565 1177 2631 cibaria?“
1200 2564 1291 2646 Quae
1314 2567 1450 2651 quoties·

359 2690 482 2752 cunque
505 2668 582 2752 legi,
604 2667 699 2732 valde
718 2668 796 2732 mihi
818 2668 978 2752 displicuit
997 2668 1076 2731 illud
1095 2689 1287 2749 „corvorum
1311 2668 1449 2733 cibaria“

359 2793 420 2856 quo
452 2769 608 2834 sententia
636 2769 791 2833 reconditi
821 2768 907 2832 illius
928 2768 1086 2832 maledicti
1106 2768 1231 2850 „crucis
1255 2768 1354 2832 offla“
1376 2769 1448 2832 sim-

359 2869 485 2955 pliciter
497 2891 652 2952 cxpressa
663 2869 797 2932 moleste
813 2869 953 2932 iteratur.
977 2868 1086 2954 ltaque
1102 2869 1181 2932 haec
1193 2870 1294 2932 verba
1308 2868 1451 2932 eicienda

360 2978 445 3054 puto.
490 2970 541 3033 Ac
569 2968 707 3032 maxime
731 2990 858 3047 vereor,
881 2991 922 3032 ne
945 2968 1212 3054 eademsuspitio
1246 2968 1285 3033 de
1309 2968 1358 3032 his
1384 2968 1452 3032 Tri-

326 3062 328 3069 *
359 3069 544 3135 malchionis
574 3068 679 3133 verbis
702 3069 815 3151 valeat,
841 3091 921 3154 quae
942 3069 1002 3132 viri
1027 3068 1110 3133 docti
1125 3070 1243 3133 frustra
1260 3072 1454 3155 temptabant

359 3193 426 3256 cap.
451 3172 537 3251 522
558 3169 695 3251 „Habeo
721 3169 865 3254 capidem
889 3175 1006 3254 quam“
1029 3207 1066 3219 —
1089 3168 1306 3253 Tragurianus
1329 3177 1454 3254 „quas“

359 3309 398 3322 -
426 3271 577 3355 „reliquit
602 3280 808 3356 patronorum
838 3293 950 3351 meus,
982 3270 1036 3334 ubi
1065 3269 1228 3334 Daedalus
1259 3269 1386 3336 Nioben
1421 3271 1453 3333 in

358 3394 473 3458 equum
494 3369 667 3434 Troianum
689 3369 855 3434 includit“.
898 3369 965 3434 Iam
988 3371 1014 3432 si
1036 3370 1229 3450 memineris
1243 3369 1451 3435 Trimalchio·

356 3495 430 3537 nem
450 3482 617 3557 patronum
641 3494 734 3535 suum
750 3471 873 3555 magnis
891 3470 1036 3537 laudibus
1050 3471 1166 3535 efferre
1181 3480 1335 3554 gratoque
1348 3470 1452 3537 animo

359 3571 572 3660 persequi-
608 3574 646 3637 cf.
671 3595 738 3658 cap.
760 3573 811 3652 39,
831 3572 872 3651 43
898 3573 948 3653 76,
962 3572 991 3635 2.
1015 3609 1053 3620 -
1076 3573 1168 3637 facile
1200 3582 1276 3658 puto
1305 3574 1450 3657 canicies,

356 3675 445 3738 illum
473 3672 592 3737 dixisse
617 3695 734 3756 „quam
763 3672 893 3758 reliquit
923 3682 1123 3759 patronus
1155 3682 1452 3759 patronorum“

358 3774 411 3839 vel
432 3775 558 3837 inverso
580 3774 703 3856 ordine,
720 3797 814 3858 quem
835 3774 983 3860 praefero
1003 3785 1294 3860 „patronorum
1316 3786 1451 3859 patro-

359 3882 467 3957 nus“,
489 3875 629 3960 glossam
654 3884 759 3938 autem
786 3875 836 3938 his
874 3873 977 3938 verbis
1005 3873 1192 3959 adscriptam
1217 3885 1451 3962 „patronus

317 3967 319 3972 ⁵
358 3983 494 4042 meus“
527 3977 638 4040 turbae
669 3998 776 4039 ansam
809 3975 947 4039 dedisse.
990 3974 1045 4040 Sic
1072 3998 1139 4060 cap.
1170 3976 1231 4057 37,
1261 3975 1281 4038 8
1316 3971 1450 4036 Trimal·
1494 3997 1499 4008 ·

360 4077 479 4143 chionis
516 4077 604 4140 fundi
630 4098 855 4158 „nummorum
888 4075 1032 4139 nummi“
1062 4075 1228 4157 dicuntur,
1252 4096 1333 4160 quae
1355 4076 1454 4138 verba

361 4178 421 4243 viri
446 4177 530 4243 docti
564 4180 632 4242 sine
665 4178 731 4243 ulla
763 4201 855 4242 causa
891 4188 1038 4264 corrupta
1066 4181 1226 4265 putabant.
1268 4179 1341 4245 Hoc
1369 4180 1451 4242 enim

363 4280 471 4344 dicere
492 4278 561 4342 uult
578 4279 722 4360 libertus,
749 4280 863 4342 fundos
886 4278 1129 4344 Trimalchionis
1143 4280 1261 4364 optima
1283 4280 1349 4344 eius
1371 4282 1453 4344 bona

296 4410 299 4415 ¹
363 4403 450 4463 esse,
468 4403 622 4465 nusquam
652 4403 748 4465 posse
779 4379 946 4466 pecuniam
969 4381 1036 4444 eius
1061 4381 1174 4444 melius
1197 4381 1357 4466 tutiusque
1378 4403 1451 4444 con-

358 4482 465 4546 locari.
507 4479 578 4546 Nec
597 4502 729 4567 possum
744 4479 892 4555 hocloco
907 4481 1172 4566 praetermittere,
1187 4504 1266 4566 quae
1281 4505 1347 4567 cap.
1360 4482 1412 4563 43,
1432 4485 1452 4548 8

728 4578 747 4617 a
