3542 5292
880 518 900 581 8

347 698 538 785 glossarium
570 698 666 775 illud,
696 698 783 770 cuius
815 698 914 762 fidem
935 707 971 761 ut
988 698 1061 762 satis
1082 697 1245 782 probatam
1268 695 1440 782 praedicat,

342 824 411 865 non
434 801 537 864 solum
558 799 685 884 saepius
710 800 748 862 ad
771 807 876 884 partes
897 807 1003 880 vocat,
1032 798 1090 862 sed
1114 819 1189 884 pag.
1214 797 1286 877 207,
1315 797 1371 862 ubi
1401 797 1442 860 de

347 902 529 966 coniectura
554 900 688 985 quadam
711 900 777 984 agit
798 902 836 966 ab
860 898 1014 984 lgnarra,
1039 898 1080 962 de
1114 900 1271 983 palaestra
1290 897 1441 983 Neapoli-

346 1011 408 1066 tan.
437 1025 469 1088 p.
496 1001 556 1065 182
585 1023 631 1084 sq.
664 998 843 1085 proposita,
882 999 935 1084 qui
962 999 1118 1064 coloniam
1137 999 1235 1085 apud
1255 998 1440 1063 Petronium

347 1103 622 1184 commemoratam
645 1100 813 1186 Neapolim
848 1122 918 1165 esse
942 1101 1022 1165 miro
1057 1122 1167 1164 errore
1195 1099 1254 1166 sibi
1274 1099 1439 1184 persuasit,

347 1200 421 1268 nonx
444 1202 565 1267 dubitat
592 1202 633 1265 ita
667 1202 820 1266 iudicare:
883 1201 988 1283 „Eine
1027 1199 1162 1285 positive
1192 1199 1302 1268 Stiitze
1339 1199 1442 1264 erhalt

348 1304 425 1369 aber
447 1301 605 1388 Ignarra's
624 1302 769 1366 ¹Ansieht
795 1301 880 1366 noch
902 1302 1001 1366 durch
1036 1301 1108 1366 eine
1138 1301 1249 1366 weder
1280 1323 1343 1365 von
1376 1300 1439 1364 ihm

344 1403 428 1468 noch
463 1425 528 1466 von
553 1402 673 1469 Janelli
710 1403 875 1468 bcaehtete
909 1401 1027 1468 Glosse
1063 1402 1118 1467 des
1152 1400 1351 1469 Glossarium
1380 1402 1439 1466 Pe·

346 1503 462 1585 tronii,
495 1501 635 1568 welches
665 1503 750 1590 Kap.
780 1504 818 1568 81
853 1526 894 1566 au
932 1503 994 1567 den
1024 1503 1158 1567 Worten
1201 1509 1346 1588 ‘graecae
1389 1525 1440 1566 ur·

348 1605 406 1671 bis’
442 1592 623 1671 erklatrend
640 1604 782 1688 beifiigt:
817 1603 999 1689 ‘Neapolis'.
1043 1603 1100 1668 Est
1132 1604 1172 1667 ist
1194 1603 1300 1668 dieser
1323 1602 1439 1668 Glosse

348 1709 414 1769 um'
435 1726 470 1768 so
503 1703 596 1767 mehr
630 1700 778 1769 Gewieht
812 1703 1017 1788 beiaulegen,
1051 1706 1097 1768 als
1133 1726 1187 1767 aus
1223 1703 1351 1787 einigcn
1374 1704 1440 1766 An-

348 1806 481 1871 zeiehen
495 1803 760 1868 wabrseheinlieh
780 1804 872 1886 wird,
897 1804 969 1868 dass
992 1805 1050 1869 der
1074 1804 1243 1869 Veriasser
1267 1803 1324 1867 des
1348 1801 1441 1869 Glos-

347 1907 465 1972 sarium
494 1905 587 1969 einen
616 1904 892 1990 vollstttndigeren
919 1904 1003 1970 Text
1039 1905 1095 1970 des
1132 1904 1301 1968 Petronius
1333 1907 1441 1969 besass

349 2008 415 2072 und
445 2006 544 2070 daher
579 2003 727 2069 Manches
764 2009 844 2071 iiber
876 2006 940 2070 den
971 2005 1248 2089 Zusarnmenhang
1285 2005 1343 2069 der
1378 2005 1441 2069 Be-

347 2106 563 2194 gcbenheiten
592 2115 732 2189 wusstc,
763 2130 827 2171 was
857 2130 917 2171 uns
943 2107 1023 2190 jetzt
1044 2128 1161 2191 wegen
1193 2106 1250 2169 des
1282 2106 1441 2190 fragmen-

347 2208 505 2292 tarischen
530 2206 707 2272 Zustandes
739 2207 795 2272 des
827 2205 959 2274 Ganzen
986 2207 1248 2271 unverstandlieh
1281 2204 1330 2268 ist.
1374 2203 1440 2288 vgl.

351 2309 402 2373 die
425 2307 540 2374 Glosse
562 2331 601 2372 zu
625 2308 688 2372 den
719 2309 860 2374 dunklen
882 2308 1020 2373 Worten
1047 2307 1131 2392 Kap.
1154 2309 1174 2372 9
1206 2305 1363 2392 gladiator
1385 2308 1439 2370 ob·

348 2431 485 2491 scoene,
517 2431 610 2493 quem
642 2409 683 2473 de
712 2408 802 2473 ruina
833 2431 928 2473 arena
962 2408 1079 2472 dimisit
1108 2411 1249 2495 (besserz
1280 2427 1374 2490 quem
1399 2406 1439 2469 de

277 2552 279 2558 ·
350 2534 446 2576 arena
478 2510 567 2603 ruina
603 2509 768 2594 dimisit)“.
823 2509 948 2588 Vides,
982 2508 1087 2593 quanti
1123 2505 1357 2572 aestimaverint
1379 2495 1438 2568 viri

352 2611 434 2677 docti
459 2620 548 2675 vetus
576 2609 656 2674 illud
690 2610 898 2694 glossarium,
923 2609 1016 2694 equod
1047 2609 1074 2673 si
1102 2631 1137 2673 re
1158 2630 1235 2673 vera
1257 2616 1341 2671 esset
1363 2605 1440 2669 tanti

351 2710 525 2791 momenti,
560 2713 592 2773 in
622 2733 744 2774 summa
767 2710 982 2774 subsidiorum
1007 2709 1185 2774 criticorum
1206 2706 1341 2794 penuria
1362 2706 1440 2769 nihil

350 2812 409 2876 hac
431 2810 618 2876 adsessione
645 2809 821 2894 exoptatius
847 2810 938 2875 nobis
955 2809 1163 2894 contingeret.
1207 2807 1273 2873 Sed
1286 2829 1337 2871 res
1351 2807 1443 2870 aliter

355 2911 471 2977 cecidit
499 2921 593 2996 atque
625 2913 801 2996 sperabam.
843 2909 926 2974 Nam
953 2909 1008 2974 ubi
1038 2908 1231 2993 glossarium
1260 2898 1340 2970 illud
1370 2929 1442 2991 per·

351 3013 485 3077 lustrare
508 3011 614 3097 coepi,
640 3012 708 3075 fusa
730 3010 796 3075 eius
821 3013 992 3075 verborum
1022 3030 1194 3094 rerumque
1225 3007 1380 3072 enarratio
1410 3005 1442 3068 iu

352 3111 546 3178 scholiorum
560 3112 699 3176 vmodurn
721 3112 904 3198 composita,
940 3133 1019 3197 quae
1055 3113 1093 3175 ab
1121 3109 1234 3174 usitata
1262 3110 1440 3194 glossarum
1550 3192 1552 3199 y

352 3213 474 3278 ratione
494 3213 654 3295 abhorret,
678 3212 779 3277 statim
802 3212 941 3298 permira
964 3211 1041 3275 mihi
1064 3211 1239 3290 videbatur,
1265 3233 1315 3274 res
1336 3218 1440 3273 autem

353 3336 484 3398 quarum
505 3313 642 3378 subinde
664 3313 782 3377 mentio
802 3314 838 3377 fit
871 3311 1089 3397 gravissimam
1114 3312 1154 3375 de
1171 3311 1352 3396 antiquitate
1375 3310 1442 3374 eius

352 3415 559 3501 suspitionem
586 3413 663 3477 mihi
690 3422 866 3477 moverunt.
923 3411 965 3478 Ut
997 3435 1061 3476 unc
1092 3411 1242 3497 exemplo
1272 3411 1441 3496 defungar,

354 3515 429 3599 quid
468 3515 554 3579 dices
587 3515 627 3578 de
661 3514 721 3578 hae
754 3514 880 3598 glossa,
914 3536 974 3599 qua
1009 3514 1050 3578 de
1078 3513 1234 3578 vocabulo
1256 3512 1444 3594 „scriblita“

355 3639 421 3702 cap.
445 3617 495 3698 35,
521 3617 543 3679 4
565 3615 685 3700 agitur:
706 3611 1239 3700 „dudaoiorpefltstaTcrquere,
1263 3615 1337 3678 ideo
1357 3615 1443 3698 quod

354 3719 386 3781 in
411 3717 540 3782 circuitu
564 3725 769 3801 torqueantur
790 3715 883 3779 restis
906 3715 939 3778 in
961 3716 1101 3796 modum,
1130 3715 1216 3779 unde
1249 3737 1306 3778 nos
1361 3723 1443 3778 tor·

353 3817 623 3904 tamdieimusf‘
673 3816 766 3880 Bella
800 3817 944 3902 profecto
974 3815 1162 3900 antiquitatis
1198 3815 1346 3899 vestigia!
1400 3816 1445 3878 At

355 3941 419 3984 non
440 3940 519 4005 opus
543 3927 604 3999 est,
640 3919 714 3982 talia
741 3916 902 4002 persequi.
943 3914 1025 3979 Nam
1054 3926 1088 3978 ut
1115 3915 1215 3979 statim
1240 3915 1342 3980 dicam
1366 3937 1442 3998 quo·

355 4021 451 4084 modo
477 4039 586 4083 resse
615 4018 747 4099 habeat,
779 4014 971 4101 glossarium
993 4015 1095 4098 illud,
1128 4014 1213 4101 quod
1242 4015 1274 4078 in
1305 4015 1444 4079 editione

355 4119 490 4207 liutgeri
522 4117 747 4183 Hermannidis
776 4117 1009 4180 Amstelodami
1033 4138 1114 4180 anno
1139 4116 1220 4181 1663
1255 4115 1367 4179 emissa
1390 4116 1444 4179 de·

353 4219 530 4309 prehendi,
567 4218 646 4282 nihil
688 4226 736 4281 est
763 4216 823 4280 nisi
856 4216 1023 4301 congeries
1058 4217 1131 4280 satis
1160 4216 1270 4279 vilium
1306 4215 1444 4302 explica·

353 4321 476 4388 tionum
507 4319 546 4383 ad
580 4340 632 4382 res
656 4327 686 4381 et
706 4320 804 4382 verba
837 4317 1000 4403 scriptoris
1031 4317 1240 4403 spectantium
1278 4314 1444 4402 simplicis·

353 4421 433 4486 simo
447 4419 578 4486 oonsilio
603 4443 643 4485 ex
666 4420 899 4486 commentariis
921 4421 1064 4506 priorum
1087 4422 1245 4488 editorum
1268 4420 1444 4504 compilata.
