3542 5292
858 543 900 605 48

330 719 462 785 iuvenes
494 722 665 783 sententias
698 719 1047 808 ridentqordinemque
1078 718 1175 783 totius·
1207 713 1354 794 dictionis
1390 718 1437 780 in-

329 822 465 902 famant,
493 829 675 906 opportune
695 819 836 884 subduxi
858 841 911 883 mc
934 803 965 883 et
989 820 1105 884 cursim
1127 819 1296 902 Ascyltum
1324 840 1437 903 perse-

330 922 384 1006 qui
408 922 528 1006 coepi‘t.
571 920 618 985 Ita
639 921 720 984 haec
742 923 840 997 verba
864 931 895 985 et
917 921 949 983 in
971 921 1166 984 editionibus
1190 920 1386 984 exhibentur
1408 927 1440 983 et

332 1021 366 1083 in
389 1021 535 1086 omnibus
560 1032 785 1106 excerptorum
823 1021 913 1085 libris
948 1030 1085 1106 excepto
1108 1019 1285 1101 Beruensi',
1318 1019 1459 1103 quizin‘

329 1122 390 1188 hae
413 1132 504 1207 parte
527 1122 687 1185 mutilatus
710 1132 765 1186 est.
806 1122 856 1186 Ac
876 1121 1014 1207 primum
1036 1121 1133 1185 velim
1152 1121 1304 1184 adtendas
1319 1120 1435 1201 „dum“

329 1220 503 1306 particulae
532 1221 758 1307 repetitionem
793 1222 889 1285 valde
924 1221 1101 1305 ingratam,
1138 1220 1326 1306 pracsertim
1362 1241 1435 1283 cum

330 1321 411 1385 illud
435 1321 558 1402 „dunr“‚
583 1343 644 1405 quo
663 1322 762 1385 altera
783 1323 938 1386 sententia
957 1320 1075 1405 incipit,
1093 1337 1163 1384 curn
1186 1325 1253 1403 „ott
1277 1320 1435 1406 particula

336 1421 415 1484 dure
444 1421 664 1504 coniungatur.
709 1422 815 1486 Habet
847 1423 976 1506 quidem
1011 1421 1229 1506 Tragurianus
1258 1429 1290 1484 et
1327 1420 1434 1484 codex

331 1522 461 1606 quidam
491 1531 716 1608 excerptorum
746 1521 987 1604 laurentianus,
1014 1544 1056 1587 ex
1079 1544 1143 1605 qno
1164 1521 1292 1586 Iahnius
1313 1543 1433 1606 paucas

331 1622 502 1708 scripturas
528 1623 590 1688 sibi
615 1627 762 1706 enotavit,
792 1647 882 1705 „eum
906 1624 1002 1688 haec“
1021 1659 1062 1669 -·-
1086 1646 1145 1708 pro
1169 1624 1284 1705 „haeet
1320 1622 1436 1685 vitiose

332 1724 465 1805 „borno‘t
484 1761 527 1774 --
541 1725 598 1788 scd
622 1747 664 1789 ne
685 1729 794 1807 „cum“
820 1725 949 1810 quidem
972 1735 1079 1810 aptum
1102 1735 1150 1788 est
1174 1725 1289 1788 et'soli
1311 1722 1435 1789 librarii

332 1825 433 1888 errori
466 1825 671 1889 tribuendum
700 1826 837 1889 videtur.
891 1825 1022 1890 Deinde
1054 1827 1152 1890 verba
1185 1826 1280 1907 „dum
1309 1825 1341 1905 in
1374 1825 1437 1897 boe

331 1933 489 1999 dictorum
523 1941 611 1997 aestu
646 1935 679 1996 in
713 1935 811 1997 hortis
840 1934 974 1999 inccdo“
1006 1934 1160 1997 nonnulla
1186 1934 1321 2013 habent,
1352 1955 1436 2018 quae

332 2057 427 2099 nemo
460 2034 617 2118 patienter
649 2036 738 2099 serat.
769 2035 998 2120 Praeterquam
1021 2035 1105 2099 enim
1131 2035 1216 2118 qnod
1249 2033 1316 2115 „int
1339 2055 1434 2116 prae-

330 2136 445 2223 positio
466 2136 600 2200 moleste
621 2138 773 2217 iteratur,
807 2160 871 2201 non
894 2137 1057 2219 „incedo“,
1082 2136 1141 2200 sed
1162 2135 1268 2221 potius
1293 2133 1435 2215 „incedi-

331 2243 420 2301 mus“
445 2237 618 2302 dicendum
643 2247 719 2320 erat,
743 2238 891 2322 quoniam
902 2239 1077 2323 Encolpius
1098 2260 1161 2301 non
1175 2236 1262 2300 solus
1277 2237 1309 2299 in
1331 2234 1435 2298 bortis

333 2339 481 2419 ambulat,
504 2339 562 2402 sed
585 2362 657 2404 cum
679 2341 928 2423 Agamemnone
949 2349 1172 2424 praeceptore,
1196 2338 1248 2422 qui
1271 2344 1360 2399 aestu
1376 2336 1433 2398 illo

334 2440 491 2505 dictorum
513 2439 702 2525 discipulum
724 2440 838 2521 obruit,
854 2440 1083 2504 confabulatur.
1117 2438 1184 2505 Sed
1207 2436 1437 2502 fortassebaec

331 2542 429 2605 verba
453 2549 601 2625 corrupta
624 2562 694 2603 esse
715 2541 792 2603 mibi
817 2540 947 2622 obicies,
972 2565 1009 2606 ac
1026 2540 1121 2603 video
1144 2539 1295 2624 idipsum
1320 2559 1435 2600 omnes

331 2641 399 2704 fere
422 2640 562 2704 editores
595 2639 656 2704 sibi
684 2640 896 2726 persuasisse.
941 2639 1005 2719 Qui
1034 2649 1108 2724 quot
1134 2639 1308 2724 qualesque
1326 2638 1432 2721 suspi-

330 2741 433 2804 tiones
466 2739 657 2825 protulerint
690 2742 815 2804 referre
852 2741 948 2822 nolo,
978 2740 1126 2824 quoniam
1149 2749 1236 2804 certo
1258 2737 1434 2802 memoriae

331 2841 537 2905 fundamento
551 2863 683 2924 prorsus
709 2843 848 2907 destituti
870 2866 1001 2929 operam
1017 2845 1236 2930 perdiderunt.
1256 2841 1322 2904 Iam
1346 2841 1434 2903 enim

331 2941 484 3005 nonnulla
514 2941 604 3006 initio
632 2941 725 3006 huius
750 2943 857 3028 eapitis
880 2945 964 3008 malo
992 2944 1112 3009 librarii
1143 2943 1275 3008 consilio
1309 2950 1436 3005 resecta

334 3040 472 3105 essetibi
494 3043 647 3126 probabo
671 3041 776 3124 „Dum
797 3043 878 3108 haec
893 3044 1078 3127 diligentius
1100 3044 1223 3123 andio“‚
1247 3041 1349 3124 inquit
1370 3039 1434 3105 En·

332 3141 472 3226 eolpius,
503 3163 585 3223 „non
615 3143 722 3207 notavi
757 3143 833 3206 mibi
866 3145 993 3228 Ascylti
1030 3146 1158 3230 fugam‘t
1224 3142 1276 3205 Ex
1315 3141 1432 3224 quibus

331 3242 512 3307 necessario
547 3243 750 3327 consequitur
778 3243 970 3329 Encolpium
1001 3247 1079 3309 iam
1122 3255 1243 3310 antea
1283 3265 1434 3307 narrasse

333 3342 502 3427 Ascyltum
524 3365 559 3406 se
583 3342 786 3424 subduxisse,
811 3345 897 3427 qaod
921 3345 981 3408 nisi
1003 3348 1119 3410 laetum
1146 3354 1222 3426 erat,
1246 3346 1432 3409 substan-

334 3445 422 3509 tivo
446 3446 523 3530 fuga
544 3446 588 3509 uti
609 3468 673 3509 non
695 3447 808 3532 potuit.
852 3447 919 3510 Iam
940 3469 1019 3512 vcro
1043 3471 1113 3512 cum
1136 3447 1167 3508 in
1190 3446 1248 3526 cis,
1272 3465 1354 3528 quae
1379 3465 1433 3505 an-

335 3547 493 3627 tecedunt,
513 3547 594 3611 nihil
617 3548 796 3633 deAscylti
818 3551 896 3633 fuga
909 3548 1040 3631 dicatur,
1053 3549 1188 3635 primam
1211 3547 1278 3611 eius
1296 3543 1433 3608 mentio·

334 3668 407 3711 nem
440 3647 473 3708 in
511 3668 548 3709 ea
577 3647 766 3711 narrationis
794 3658 896 3730 parte,
934 3670 1014 3732 quae
1054 3658 1125 3712 ante
1165 3655 1259 3732 eaput
1291 3642 1431 3729 primum

333 3746 435 3812 statim
464 3747 503 3811 ab
538 3747 626 3812 initio
657 3748 833 3813 mutilatum
867 3749 984 3834 periit,
1017 3749 1163 3813 iniectam
1198 3767 1268 3810 csse
1296 3746 1431 3808 sortasse

332 3848 513 3934 suspiceris.
566 3850 611 3911 At
641 3851 704 3931 eie,
735 3871 815 3933 quae
846 3851 956 3936 paullo
990 3859 1064 3936 post
1092 3873 1159 3935 cap.
1182 3850 1212 3930 9,
1239 3848 1274 3910 il
1299 3866 1430 3908 narran-

331 3959 391 4030 tur,
415 3950 499 4014 clarc
522 3949 645 4013 ostendi
668 3959 773 4034 potest
793 3973 948 4035 nusquam
968 3951 1027 4015 nisi
1043 3952 1105 4016 boc
1121 3951 1190 4036 ipso
1212 3947 1322 4034 eapitis
1344 3946 1429 4008 sexti

329 4048 428 4131 initio,
452 4048 484 4111 in
507 4070 568 4132 quo
588 4071 762 4132 versamur,
787 4051 894 4135 fugam
919 4050 1006 4115 illam
1034 4051 1172 4137 primum
1198 4050 1236 4112 ab
1271 4045 1430 4130 Encolpio

330 4148 453 4232 adtingi
481 4148 634 4233 potuisse.
659 4148 835 4236 Encolpius
859 4152 943 4214 enim
967 4153 987 4215 l.
1009 4151 1031 4215 l.
1054 4153 1165 4236 sugam
1186 4150 1272 4214 illam
1297 4149 1338 4211 ita
1361 4149 1430 4213 obi-

331 4251 371 4315 cit
393 4249 539 4334 Ascylto:
560 4249 767 4331 „Subduxisti
788 4262 818 4316 tc
845 4301 852 4315 .
878 4301 884 4315 .
910 4300 918 4315 .
942 4255 1194 4337 apraeceptoris
1228 4249 1408 4334 colloquio“
1421 4273 1428 4329 ;

292 4364 295 4368 ’
330 4351 444 4435 quibus
477 4350 629 4435 Ascyltus
669 4352 855 4437 respondit:
900 4352 1006 4433 „Quid
1042 4375 1114 4438 ego,
1152 4355 1248 4418 bomo
1280 4354 1427 4418 stultissi-

329 4473 403 4532 me,
436 4451 542 4514 facere
566 4451 660 4517 debui
670 4500 680 4532 ‚
714 4475 784 4517 cum
816 4453 899 4516 fame
927 4455 1098 4518 morerer?
1141 4478 1180 4518 an
1202 4456 1425 4520 videlicctau-
