3542 5292
891 525 914 588 '5

355 729 434 771 esse.
479 705 587 786 Quod
608 709 700 770 etiarn
733 728 799 791 cap.
833 706 935 786 33,‘3
959 707 1132 771 observare
1159 704 1254 786 licet,
1291 703 1347 770 ubi
1366 705 1447 770 hacc
1486 735 1489 740 ’
1567 689 1573 702 ’

356 808 519 892 leguntur:
541 805 801 892 „Repositorium
815 805 946 884 allatum
963 815 1011 870 est
1023 829 1094 870 cum
1118 808 1224 887 corbe,
1246 806 1279 868 in
1303 828 1365 892 quo
1381 804 1449 890 gal-

353 909 417 972 lina
440 902 506 971 erat
534 906 644 992 lignea
664 906 843 991 patentibus
862 905 895 968 in
932 907 1043 970 orbem
1078 905 1136 969 alis
1169 907 1276 991 quales
1300 928 1380 992 quae
1403 906 1449 970 in-

355 1011 469 1074 cubant
503 1013 596 1072 ova.“
636 1001 693 1074 Sic
718 1007 956 1093 Tragurianus3
983 1007 1147 1091 {editiones
1168 1017 1294 1072 veteres
1316 1007 1449 1092 „quales

353 1110 498 1174 solent
530 1130 623 1173 esse
654 1108 1045 1195 quaeincumbunt'ova.“
1087 1108 1123 1171 ln
1149 1108 1262 1192 quibus
1275 1114 1448 1193 perperam

355 1211 506 1296 seriptum
520 1219 567 1273 est
576 1209 816 1291 „incumbunt“,
833 1210 950 1295 optime
962 1226 1039 1272 vero
1054 1209 1180 1273 additur
1201 1209 1330 1292 „solent
1343 1213 1448 1273 esse“.

207 1308 210 1318 ’
302 1326 303 1329 ’
354 1312 392 1377 cf.
417 1335 484 1395 cap.
509 1312 558 1390 34,
582 1312 604 1374 4
629 1310 798 1393 „Subinde
831 1311 1028 1384 intraverunt
1051 1312 1114 1374 duo
1138 1311 1315 1397 Aethiopes
1339 1310 1448 1396 quales

353 1404 491 1476 solent
521 1405 631 1492 esse,
664 1411 715 1495 qui
740 1433 867 1475 arenam
891 1460 898 1474 .
922 1459 928 1473 .
951 1460 957 1474 .
981 1414 1172 1497 spargunt.“
1213 1409 1365 1493 Denique
1387 1409 1449 1474 huc

352 1513 490 1600 pertinet
519 1513 625 1593 locus,
656 1533 750 1595 quem
784 1512 862 1575 infra
886 1511 1059 1596 perscripsi
1083 1534 1151 1597 cap.
1174 1511 1281 1591 27,5
1310 1510 1449 1591 „Etiam-

353 1638 429 1679 num
440 1613 604 1698 Menelaus
617 1613 826 1696 ‚loquebatuq
845 1636 916 1677 cum
932 1611 1124 1680 Trimalchio
1148 1610 1339 1676 lautissimus
1351 1612 1448 1675 homo

354 1697 472 1798 digitos
503 1715 711 1800 concrepuit“
740 1737 768 1778 c.
794 1736 825 1799 q.·
845 1737 869 1778 s.
910 1714 1001 1779 Haec
1031 1715 1064 1777 in
1096 1715 1230 1799 antiquis
1256 1713 1449 1777 editionibus

288 1890 290 1894 y
353 1815 545 1899 vulgantur3
587 1815 741 1878 vocabula
776 1815 992 1896 „lautissimus
1029 1811 1149 1878 hom0“
1181 1815 1214 1877 in
1248 1812 1448 1900 Traguriano

355 1917 477 1980 desunt.
523 1915 614 1995 Quae
638 1916 771 1980 fortasse
793 1917 914 1980 nomini
937 1915 1189 1998 Trimalchionis,
1216 1916 1268 2000 qui
1288 1917 1321 1979 in
1340 1916 1448 1981 lacero

352 2016 408 2080 illo
434 2016 607 2080 editionum
630 2018 810 2101 fragmento
834 2018 897 2082 boc
916 2017 987 2082 loco
1008 2017 1148 2104 primum
1173 2025 1447 2100 commemoratur,

353 2120 391 2182 ab
415 2118 642 2215 interpolatore
667 2118 774 2183 addita
794 2128 866 2183 sunt
875 2120 900 2204 ¹)
927 2141 968 2182 cx
989 2118 1107 2201 verbis,
1132 2141 1212 2204 quae
1232 2119 1342 2204 paullo
1363 2128 1449 2184 ante·

359 2272 554 2283 ..ῃ-ὴ...-

540 2292 542 2299 i

389 2372 416 2439 1)
437 2371 522 2422 Video
542 2369 675 2422 vocabula
695 2368 873 2432 „lautissimus
893 2365 989 2416 homo¹⁴
1007 2367 1056 2416 iam
1078 2363 1236 2430 ouantia,
1259 2368 1364 2419 advers.
1379 2367 1449 2435 XXI,

352 2462 368 2514 6
386 2467 509 2527 suspecta
530 2459 622 2520 tuisse,
643 2459 735 2508 nescio
756 2471 833 2528 quam
855 2453 891 2505 ob
911 2470 1035 2523 causam3
1056 2462 1128 2504 certe
1149 2454 1230 2505 verba
1249 2472 1281 2505 ex
1301 2456 1389 2521 capite
1404 2455 1447 2522 26,

352 2548 590 2614 9adlatanondum
611 2545 699 2611 potuit
718 2545 744 2593 in
762 2543 984 2609 disceptationem
1005 2557 1112 2605 vocare,
1133 2558 1191 2592 cum
1210 2542 1278 2593 illud
1300 2543 1447 2596 adnotavit.

355 2638 481 2688 Nimirum
508 2637 553 2686 vix
581 2632 710 2684 credibile
737 2631 801 2682 mihi
827 2631 943 2694 videtur,
969 2647 1028 2680 eum
1059 2646 1111 2697 quo
1128 2637 1248 2696 tempore
1268 2630 1447 2698 Tragurianus

353 2725 470 2775 nondum
492 2723 618 2772 inventus
641 2725 714 2781 erat,
743 2718 849 2784 plenius
878 2717 921 2768 vel
943 2719 1019 2768 etiam
1040 2718 1173 2785 integrum
1194 2733 1295 2769 coenae
1314 2719 1449 2785 exemplar

352 2811 485 2873 habuisse,
498 2823 647 2876 quanquam
667 2813 695 2856 ut
714 2808 741 2856 in
760 2805 820 2856 aliis
831 2804 1008 2872 scriptoribus
1027 2807 1067 2857 sic
1086 2807 1165 2856 ctiam
1186 2807 1213 2856 in
1225 2805 1350 2858 Petronio
1363 2822 1448 2858 novas

351 2917 381 2952 ac
401 2899 479 2967 plane
499 2897 649 2965 singulares
670 2877 818 2961 scripturae¹
844 2895 1036 2959 discrepantias
1065 2910 1097 2944 ex
1116 2894 1271 2956 „codicibus
1297 2894 1368 2944 suis“
1395 2894 1448 2946 ali-

352 2990 458 3056 quoties
485 2970 596 3052 profert.
634 2982 709 3034 'l'ales
739 2983 884 3048 scripturas
917 2982 1022 3047 repperi
1054 2981 1157 3032 advers.
1181 2980 1300 3045 Xlll,5
1326 2984 1446 3045 „interim

352 3079 411 3130 dum
433 3075 479 3126 ille
500 3074 536 3124 oi
545 3073 568 3123 ti
580 3074 670 3124 cium
693 3079 823 3122 sectorum
844 3072 914 3121 inter
932 3070 1018 3120 lusum
1041 3069 1187 3120 consumit“
1207 3085 1265 3136 cap.
1284 3069 1328 3135 33,
1341 3071 1365 3124 3.
1375 3071 1446 3136 XXl,

351 3165 367 3217 6
397 3149 544 3228 „sacrum
566 3167 626 3218 ante
646 3159 777 3226 cryptam“
797 3144 1055 3225 cap.16,3.'xxt11,
1074 3157 1107 3209 11
1127 3158 1215 3222 „sidus
1235 3161 1317 3210 currit
1336 3161 1447 3211 utrim-

353 3253 434 3322 quc“
455 3269 513 3324 cap.
533 3251 592 3303 119.
622 3249 727 3300 'Fateor
745 3248 785 3299 his
808 3249 900 3314 paucis
930 3248 1076 3314 exemplis,
1095 3263 1164 3314 quae
1191 3248 1299 3315 lougius
1320 3251 1444 3318 persequi

352 3343 428 3407 nolo,
449 3350 523 3417 certp
544 3341 649 3408 qnidam
673 3340 849 3418 demonstrari
866 3354 920 3389 non
941 3338 1029 3404 posse,
1043 3320 1176 3388 Bartliium
1198 3354 1283 3389 novas
1302 3339 1446 3404 scripturas

352 3433 438 3497 ipsum
459 3431 586 3492 tinxisse,
606 3429 652 3480 sed
675 3427 752 3481 fidem
773 3428 831 3478 eins
844 3423 916 3478 'inde
944 3429 969 3478 in
996 3429 1171 3493 suspitionem
1191 3441 1288 3478 vocare
1309 3442 1341 3477 eo
1360 3428 1446 3477 minus

343 3517 464 3580 dubito,
493 3531 546 3583 qno
568 3515 666 3565 certius
689 3514 720 3564 ab
740 3515 801 3565 aliis
821 3515 1027 3565 demonstratum
1048 3521 1095 3577 est,
1116 3530 1193 3581 quam
1213 3504 1327 3566 licentbr
1345 3513 1447 3582 ubique

351 3609 407 3660 t'erc
427 3606 453 3656 in
475 3605 516 3655 bis
537 3602 614 3654 rebus
629 3590 728 3670 egerit.
765 3601 819 3652 Hac
839 3603 900 3653 data
921 3605 1067 3654 occasione
1085 3618 1140 3654 non
1165 3619 1270 3669 possum
1291 3603 1446 3656 Bourdelo·

350 3698 413 3747 tium
433 3687 488 3746 non
509 3707 727 3754 commemorare,
751 3693 795 3758 qui
817 3693 844 3742 in
865 3691 984 3742 editione
1003 3707 1050 3742 sua
1062 3690 1170 3742 Parisiis
1181 3691 1333 3756 ann01618
1352 3696 1448 3746 emissa

351 3799 449 3835 summa
473 3781 636 3848 impudentia
657 3787 685 3829 ut
709 3780 830 3830 codicum
850 3768 993 3845 scripturas
1013 3781 1156 3846 proponit,
1177 3796 1241 3848 quas
1267 3783 1325 3847 ipsc
1345 3790 1401 3834 arte
1421 3791 1448 3836 et

352 3853 463 3922 ratione
482 3851 591 3935 prorsus
622 3868 762 3919 destitutus
793 3857 966 3935 excogitavit.
1013 3866 1088 3929 Quod
1115 3883 1148 3918 ne
1167 3871 1289 3919 severius
1309 3870 1444 3930 iudicasse

353 3959 463 4021 videar,
484 3956 604 4023 exempla
625 3941 811 4020 adferamsex
831 3957 927 4024 quibus
948 3957 1065 4009 fraudem
1086 3947 1146 4009 luce
1168 3957 1265 4008 clarius
1293 3960 1447 4025 perspicere

352 4048 462 4113 poteris.
505 4043 729 4096 Commentarium
755 4037 923 4096 Bourdelotii
947 4044 1114 4112 perlustranti
1136 4047 1222 4096 statim
1240 4054 1389 4111 suspectum
1403 4047 1447 4098 vi-

350 4133 466 4197 debitur,
488 4133 558 4200 quod
574 4135 782 4200 corruptissimis
803 4134 880 4197 loeis,-
901 4136 927 4184 in
948 4150 1059 4201 quorum
1078 4135 1210 4200 scriptura
1231 4149 1321 4185 omues
1333 4136 1443 4186 codices

351 4204 395 4275 rel
420 4223 591 4273 consentiunt
616 4221 658 4272 vel
687 4224 724 4272 ita
745 4221 820 4289 {inter
849 4217 877 4273 sc
899 4223 1060 4289 discrepant,
1080 4230 1107 4273 ut
1126 4223 1294 4274 necessitudo
1315 4225 1442 4291 quaedam

349 4297 642 4377 adpareat'vitiorum,
672 4327 702 4362 ex
730 4310 808 4363 libris
836 4312 891 4362 suis
920 4312 1029 4362 inventa
1056 4313 1183 4380 quaedam
1205 4313 1318 4377 promit,
1338 4327 1443 4377 quaca

349 4400 605 4466 vulgata'memorio
625 4400 718 4450 mirum
737 4401 764 4451 in
784 4400 888 4451 modum
908 4401 1043 4452 recedunt.
1082 4399 1163 4450 Huius
1190 4401 1301 4450 rationis
1321 4398 1441 4451 notabile

349 4487 423 4540 dedit
450 4487 601 4556 exemplum
631 4488 658 4539 iu
678 4496 740 4544 nota
762 4489 811 4541 illa
837 4489 870 4540 de
894 4488 976 4542 vidua
993 4486 1112 4556 Ephesia
1130 4487 1219 4540 tabula
1239 4503 1298 4554 cap.
1319 4486 1387 4553 111,
1406 4485 1441 4542 10
