3542 5292
749 512 867 594 '21

295 716 425 781 minime
445 717 576 803 probari
594 726 739 803 possunt,
762 717 849 802 quod
871 716 973 780 statim
997 716 1072 780 mihi
1096 717 1263 799 concedes,
1277 719 1304 782 si
1321 741 1394 782 con-

231 888 232 891 ,
295 817 431 880 iacturas
454 818 537 881 infra
567 818 728 881 adnotatas
759 817 921 904 inspicere
951 817 1141 904 volueris¹).
1183 817 1311 884 Litteris
1330 829 1397 884 tan-

289 926 363 986 tum
386 917 582 1004 transpositis
606 917 811 983 scribendum
838 926 907 982 est:
925 926 975 999 ,ct
998 940 1110 983 omnes
1130 919 1397 985 redibantudi

297 1016 444 1103 tanquam
467 1023 600 1082 mures“.

297 1168 302 1178 ·
342 1133 419 1220 Cap.
443 1134 508 1213 4l,
527 1135 551 1196 ‘8
572 1133 820 1214 ,commundatis
852 1136 892 1199 ad
924 1134 1147 1222 symphoniam
1182 1135 1301 1200 mensis
1335 1145 1400 1202 tres

299 1237 361 1303 albi
383 1256 458 1323 sues
480 1235 513 1298 in
533 1234 702 1299 triclinium
723 1235 850 1300 adducti
873 1245 976 1300 sunt.
998 1284 1005 1298 .
1030 1285 1037 1297 .
1059 1257 1194 1320 qnorum
1224 1259 1322 1301 unum
1351 1237 1397 1303 bi·
1446 1246 1448 1248 ’

298 1360 386 1401 mum
405 1337 646 1401 nomenculator
670 1359 743 1401 esse
771 1337 913 1417 dicebat,
943 1336 1079 1400 alterum
1108 1335 1247 1419 trimum,
1271 1337 1398 1402 tertium

298 1460 376 1501 vero
391 1437 452 1500 iam
475 1442 611 1500 senem“.
640 1437 777 1502 'Aetatis
798 1438 951 1518 definitio,
973 1452 1055 1524 quae
1070 1443 1218 1519 ,senem“
1241 1437 1399 1504 vocabulo

301 1537 505 1624 significatur,
528 1560 592 1602 uon
612 1538 717 1603 solum
740 1538 832 1603 nimis
853 1539 973 1603 incerta
995 1548 1054 1619 est,
1078 1539 1250 1603 sedetiam
1281 1539 1399 1626 inepta.

299 1638 458 1706 Nimirum
479 1639 563 1725 apud
585 1661 644 1702 nos
668 1661 743 1704 sues
769 1639 842 1705 bimi
867 1640 921 1702 vel
942 1639 1026 1703 trimi
1046 1639 1108 1703 iam
1130 1645 1260 1720 ,senes“
1281 1639 1400 1703 hahen-

301 1750 361 1816 tur,
384 1748 420 1803 ut
440 1762 500 1827 per
518 1753 554 1803 s'e
576 1739 747 1804 admodum
770 1741 937 1828 probabile
962 1737 1106 1803 videatur
1129 1740 1216 1826 apud
1237 1741 1400 1806 Romanos

299 1842 333 1905 in
353 1850 436 1905 terra
456 1840 632 1905 meridiana
654 1849 739 1905 certe
775 1842 911 1906 eandem
937 1839 1094 1904 rationem
1131 1843 1164 1903 in
1181 1864 1258 1904 --usu
1290 1840 1399 1905 fuisse.

303 1942 436 2008 Certum
470 1948 576 2006 aut'em
605 1964 775 2007 numerum
800 1963 838 2006 eo
861 1942 964 2027 magis
986 1950 1166 2028 exspectes,
1193 1939 1280 2028 quod
1301 1951 1332 2006 et
1355 1941 1401 2006 eis

303 2065 383 2130 quae
407 2044 599 2108 antecedunt
622 2053 653 2108 et
673 2046 769 2124 ,iam“
791 2043 946 2130 particula
967 2080 1008 2092 —-
1037 2041 1130 2124 ,iam
1158 2049 1287 2107 senem“
1308 2082 1346 2093 -
1371 2052 1403 2107 et

303 2145 420 2225 verbis,
455 2166 537 2230 quae
571 2144 670 2208 statim
694 2154 889 2229 sequuntur,
926 2167 1008 2225 ,non
1032 2153 1215 2232 exspectata
1246 2144 1403 2208 electione

304 2253 412 2310 nostra
442 2244 658 2309 maximum
690 2254 785 2309 natu
818 2244 910 2309 iussit
934 2245 1052 2310 oecidi“
1072 2245 1239 2310 indicatur.
1291 2245 1402 2330 Itaque

303 2345 528 2431 reponendum
550 2353 597 2409 est
616 2347 763 2426 ,tertium
784 2366 862 2409 vero
885 2345 947 2408 iam
969 2350 1224 2410 sexennem“.

346 2461 424 2548 Cap.
448 2461 510 2543 48,
532 2464 553 2524 4
575 2462 659 2542 ,Sed
681 2472 829 2526 narratu
854 2463 929 2527 mihi
951 2463 1187 2548 Agamemnon,
1211 2484 1306 2547 quam
1331 2483 1404 2526 eon-

303 2560 491 2625 troversiam
524 2561 621 2625 hodio
657 2561 847 2626 declamasti.
903 2561 975 2648 Ego
1006 2551 1111 2627 autem
1146 2561 1171 2626 si
1199 2584 1309 2626 causas
1339 2582 1405 2625 non

304 2683 376 2748 ago,
400 2661 432 2722 in
457 2659 613 2725 divisione
634 2669 740 2725 tamen
761 2660 880 2726 litteras
907 2661 1029 2726 didici“.
1074 2661 1116 2728 Ut
1136 2661 1214 2725 nihil
1238 2645 1347 2726 dicam·
1362 2661 1403 2725 de

303 2760 470 2825 manifesto
487 2761 570 2841 vitio,
594 2761 681 2846 quod
704 2761 802 2825 oratio
823 2761 1069 2828 Trimalchionis
1102 2763 1133 2825 in
1154 2762 1260 2827 verbis
1281 2761 1332 2844 ,in
1356 2759 1402 2824 di-

303 2861 444 2925 visione“
464 2861 569 2943 traxit,
592 2863 726 2927 alterum
752 2863 927 2944 mendum,
959 2863 1047 2949 quod
1081 2886 1176 2928 nemo
1198 2861 1312 2948 tetigit,
1330 2885 1404 2949 par-

302 2962 406 3028 ticulis
435 2972 558 3043 ,auem
581 2961 624 3025 si“
649 2963 836 3028 continetur.
892 2966 965 3030 Nou
993 2964 1114 3046 dubito,
1138 2963 1213 3050 quin
1237 2961 1402 3049 scriptoris

304 3086 431 3128 manum
452 3064 493 3128 ita
514 3065 724 3131 restituerim:
749 3065 837 3153 ,Ego
866 3066 1030 3131 etiamsi
1050 3088 1159 3130 causas
1181 3087 1244 3129 non
1268 3086 1348 3149 ago,
1371 3061 1404 3124 in

306 3164 595 3230 domusionem
631 3176 737 3231 tamen
760 3166 880 3232 litteras
901 3166 1024 3231 didicit
1049 3168 1087 3230 cf.
1112 3189 1179 3250 cap.
1196 3165 1248 3243 46,
1273 3167 1290 3227 7
1312 3162 1403 3244 ,volo

306 3266 396 3330 illum
417 3265 458 3330 ad
481 3267 768 3333 domusionem
798 3267 920 3354 aliquid
955 3267 996 3332 de
1031 3267 1102 3331 iure
1130 3271 1291 3354 gustarat
1334 3263 1406 3329 Hoc

305 3368 377 3430 loco
412 3365 631 3452 Tragurianus
660 3367 795 3433 diductis
829 3367 941 3432 litteris
966 3369 1064 3433 habet
1095 3366 1228 3448 ,domus
1267 3366 1401 3443 ionem“,

305 3465 392 3530 unde
414 3465 561 3530 Reiskius
583 3466 724 3532 inaltera
745 3469 884 3533 editione
909 3469 1144 3532 Burmanniana
1169 3468 1302 3548 ,domus
1321 3465 1406 3531 usio-

307 3570 398 3629 nem“
431 3566 535 3630 effecit
569 3565 721 3652 idemque
760 3568 917 3634 Trillerus
947 3569 968 3631 l.
991 3569 1013 3632 l.
1034 3593 1065 3656 p.
1089 3571 1149 3634 371
1184 3568 1298 3633 eodem
1329 3574 1408 3631 tem·

307 3688 388 3753 pore
410 3667 588 3752 proposuit.
634 3665 703 3734 Sed
722 3668 791 3733 sine
812 3668 878 3732 ulla
891 3669 1065 3733 mutatione
1086 3667 1230 3754 vulgaris
1252 3666 1409 3732 sermonis

308 3767 502 3832 uocabulum
514 3767 772 3855 ,domusioneud
782 3767 1008 3854 reponendum
1021 3767 1323 3836 esseBuechelerus
1334 3786 1408 3852 per·

344 4121 370 4190 1)
390 4122 518 4174 Nicotaus
538 4122 664 4174 Heinsius
684 4121 818 4172 coniecit:
840 4135 948 4184 „omues
968 4118 1148 4172 rodebant
1166 4117 1264 4169 avidi
1283 4122 1407 4183 tanquam

310 4208 422 4262 mures“.
449 4207 630 4261 Burmannus:
652 4208 700 4275 „m
719 4225 810 4260 omnes
833 4207 1011 4260 videbunt.
1049 4207 1088 4257 Aa
1108 4207 1132 4256 ii
1155 4213 1276 4272 tauquam
1297 4201 1409 4254 mures“.

311 4297 434 4351 Ceterum
455 4299 505 4348 iam
526 4297 651 4349 [teishius
671 4299 698 4348 in
718 4297 802 4349 alteru
832 4297 951 4348 editione
972 4295 1166 4346 burmanniana
1185 4293 1310 4344 similiter
1330 4300 1410 4360 atque

311 4385 441 4438 Trillerus
453 4387 601 4453 eademque
613 4387 669 4437 fere
681 4393 799 4454 tempere
811 4385 919 4452 scripsit
936 4401 968 4448 „u
979 4384 1052 4435 vidi
1071 4389 1194 4448 tanquam
1214 4378 1326 4444 mures“,
1339 4381 1410 4448 qued

311 4475 432 4540 proxime
453 4475 485 4526 ad
507 4488 599 4525 verum
619 4473 733 4525 adsedit.
