3542 5292
920 551 963 612 42

431 729 508 815 Cap.
537 732 597 811 90,
634 730 650 793 1
684 727 863 814 Eumolpus
896 737 991 814 poeta
1020 751 1152 815 prorsus
1191 731 1375 815 singularis,
1401 730 1494 795 cuius

390 852 495 895 mores
517 841 611 915 atque
632 829 798 913 ingenium
820 828 1018 914 lepidissime
1042 829 1211 915 descripsit
1228 829 1409 912 Petroniam,
1428 852 1496 896 car·

393 953 467 996 men
484 931 524 996 de
537 930 654 994 Troiae
677 928 917 1015 expugnatione
936 929 1055 1010 recitat,
1079 930 1136 993 sed
1164 953 1193 993 m
1206 952 1223 994 e
1237 931 1303 995 dia
1322 931 1361 994 in
1387 931 1497 996 decla·

391 1030 529 1097 mationa
552 1029 657 1094 subito
679 1029 751 1093 satis
776 1030 910 1093 moleste
932 1029 1165 1116 interpellatur.
1202 1031 1320 1096 Narrat
1332 1033 1417 1095 enim
1430 1029 1496 1094 Eu·

392 1131 530 1217 colpius:
561 1128 636 1210 „Ex
661 1129 720 1211 his,
746 1128 852 1214 quiin
874 1129 1048 1214 porticibus
1069 1132 1295 1215 spatiabantur,
1319 1131 1448 1213 lapides
1463 1131 1497 1196 in

393 1232 583 1315 Eumolpum
603 1230 787 1294 recitantem
807 1230 994 1294 miserunt“.
1039 1229 1202 1312 Homines,
1228 1232 1280 1316 qui
1303 1232 1336 1294 in
1364 1230 1494 1315 portici·

394 1334 451 1397 bus
474 1330 634 1396 ambulant
656 1353 726 1394 cum
748 1352 790 1394 ne
808 1332 908 1395 verbo
936 1331 1064 1414 quidem
1087 1341 1179 1397 antea
1192 1340 1495 1412 commemorentur,

392 1432 489 1513 „his‘
519 1451 698 1516 pronomen
729 1429 781 1494 hic
815 1430 919 1495 locum
956 1433 1147 1496 nonhabet.
1182 1432 1279 1512 Quod
1315 1432 1447 1516 quidem
1470 1433 1506 1500 si¹

394 1530 666 1615 quispervulgato
688 1530 850 1596 scribendi
873 1553 963 1595 more
985 1554 1045 1617 pro
1067 1534 1162 1614 „eis“
1183 1533 1322 1619 positum
1344 1554 1416 1597 esse
1445 1555 1497 1597 su·

396 1631 573 1718 spicaretur
586 1668 623 1676 -
645 1653 681 1694 ac
703 1630 798 1694 video
821 1630 905 1696 hanc
928 1631 1029 1717 ipsam
1043 1633 1231 1718 scripturam
1256 1655 1274 1698 e
1294 1633 1405 1699 codice
1421 1631 1499 1697 Lei-

396 1731 487 1796 densi
508 1732 546 1795 ab
568 1731 742 1797 editoribus
767 1741 923 1796 enotatam
943 1754 1013 1797 esse
1027 1769 1070 1780 -
1083 1733 1109 1798 is
1136 1756 1212 1798 mox
1229 1733 1500 1798 animadverteret

394 1854 430 1897 se
452 1833 512 1898 hac
537 1832 587 1897 via
618 1831 699 1895 nihil
729 1854 861 1918 prorsus
886 1834 1061 1919 profecisse
1090 1844 1184 1920 atquc
1213 1834 1305 1898 altius
1342 1834 1498 1900 mendum
1528 1846 1532 1850 “

397 1955 469 2000 esse
498 1935 720 2020 repetendum.
763 1934 903 1999 Primum
929 1936 1013 2000 enim
1046 1936 1182 2019 „exeis
1217 1937 1293 2021 qui“
1317 1935 1496 2000 admodum

397 2037 477 2101 dure
500 2046 531 2099 et
549 2035 726 2100 insolenter
739 2035 856 2101 dictum
872 2046 965 2117 esset,
982 2038 1008 2122 1)
1034 2036 1153 2101 deinde
1175 2039 1213 2102 ab
1235 2046 1301 2100 arte
1318 2043 1412 2120 atque
1432 2035 1499 2100 ele-

395 2136 504 2223 gantia
525 2136 687 2222 scriptoris
710 2158 842 2222 prorsus
864 2137 1061 2219 abhorreret,
1086 2137 1171 2222 quod
1194 2146 1256 2201 tam
1280 2135 1437 2221 languide
1456 2147 1502 2200 at-

396 2259 458 2322 que
494 2237 613 2323 frigide
650 2248 834 2303 narraretur
862 2240 982 2303 bonum
1002 2239 1197 2325 Eumolpum
1223 2259 1336 2302 secure
1362 2237 1501 2302 recitau-

396 2347 460 2401 tem
481 2347 608 2423 praeter
622 2359 748 2402 omnem
773 2338 1045 2423 exspectationem
1068 2346 1131 2402 tam
1154 2338 1309 2402 inurbane
1331 2358 1403 2401 esse
1417 2345 1499 2402 trac-

398 2531 440 2537 -.
453 2531 493 2536 -ae-
502 2529 566 2536 ----·

398 2651 571 2714 proposuerit
599 2647 750 2716 Encolpius
779 2649 820 2701 his
852 2652 942 2702 verbis
969 2668 1028 2719 cap.
1056 2652 1107 2718 74,
1131 2652 1166 2705 4:
1197 2654 1302 2722 „gallus
1326 2653 1422 2706 allatus
1450 2664 1501 2722 est,

397 2753 501 2804 «poem
532 2736 694 2788 'trimalchio
724 2738 838 2789 iussit
863 2746 895 2790 nt
921 2756 990 2792 aeuo
1020 2750 1111 2792 coctus
1141 2741 1269 2792 licret“
1298 2741 1395 2810 quibus
1420 2741 1500 2796 illum

397 2825 558 2892 simpliciter
576 2827 741 2894 graecissare
760 2829 857 2878 statuit.
897 2827 960 2880 Nam
981 2830 1032 2880 nisi
1053 2829 1162 2880 multum
1185 2829 1282 2894 fallor,
1310 2829 1378 2881 hauc
1397 2831 1498 2898 siugu-

397 2914 479 2966 larcut
499 2914 629 2981 loquendi
651 2913 797 2978 licentiam,
817 2931 869 2982 qua
886 2917 953 2967 duas
972 2906 1189 2968 constructiones
1201 2916 1233 2968 ab
1245 2917 1327 2968 altera
1338 2918 1369 2968 ad
1386 2917 1500 2970 alteram

397 3003 485 3057 subito
513 3003 644 3053 transiens
663 3003 820 3068 confundit,
849 3003 902 3054 sibi
927 3006 1026 3068 sumit,
1056 3013 1083 3055 ut
1107 3003 1314 3056 Trimalchionis
1335 3007 1502 3073 grauitatem

397 3095 489 3144 iocoso
509 3091 639 3142 orationis
661 3091 809 3141 imitatione
830 3091 959 3142 derideat.
997 3091 1097 3158 Nempe
1117 3091 1166 3144 illc
1186 3093 1310 3145 dixerat:
1336 3091 1455 3157 „lulteoy
1475 3102 1504 3145 ut

400 3195 468 3232 aeno
499 3186 592 3230 coctus
618 3177 685 3231 tau.
715 3179 749 3230 cl.
771 3177 899 3247 capll,
921 3179 955 3232 10
980 3182 1047 3245 „mei
1077 3182 1136 3232 coci
1167 3183 1244 3233 ctiam
1276 3180 1376 3233 vitulos
1406 3196 1501 3233 acuo

401 3283 463 3320 ccc
474 3275 525 3320 tos
545 3267 660 3319 solent
679 3268 692 3319 l
699 3282 760 3318 cce
770 3267 828 3318 re“.
849 3267 978 3320 Similiter
988 3268 1078 3334 paullo
1091 3269 1163 3320 inira
1175 3268 1284 3320 tacrbum
1303 3263 1501 3334 „malediccrc“

398 3364 491 3408 contra
520 3355 740 3408 consuetudinem
766 3371 838 3407 stiam
867 3381 902 3392 -
930 3356 964 3406 cl.
986 3354 1298 3423 cap.53,3.117,11.
1320 3355 1502 3421 132,13,14

398 3473 432 3483 -
452 3461 500 3514 per
518 3449 606 3499 iocum
630 3462 704 3499 more
724 3446 833 3513 plebeio
859 3462 918 3497 cum
939 3448 1092 3498 accusativo
1114 3448 1266 3514 coniungit,
1295 3446 1322 3496 id
1343 3445 1415 3513 quod
1429 3445 1504 3513 fugit

400 3539 551 3592 Studeruru.
1104 3583 1106 3587 .

435 3629 461 3694 l)
489 3627 635 3679 Dicendum
666 3633 723 3677 erut
752 3624 893 3690 „nonnulli
915 3642 946 3676 cx
973 3625 1032 3676 iis“.
1061 3627 1095 3676 cl.
1115 3640 1173 3691 cap.
1193 3622 1269 3686 93,3
1289 3622 1366 3687 „lt‘am
1386 3623 1409 3672 si
1432 3621 1503 3673 ali·
1527 3654 1530 3660 ·

403 3717 482 3785 quis
502 3733 541 3768 ex
559 3714 632 3780 iis“,
652 3740 687 3752 -
707 3714 790 3782 vulgo
811 3712 883 3779 ,hts“
898 3712 1112 3780 legitur-„qui
1132 3714 1161 3763 in
1181 3713 1276 3764 eodem
1295 3711 1426 3778 synoecio
1445 3725 1504 3776 po-

401 3812 464 3869 tant,
485 3819 581 3855 nomen
602 3809 696 3870 poetae
726 3800 871 3866 olfecerit,
895 3808 975 3852 totam
995 3799 1142 3851 concitabit
1164 3799 1317 3851 viciniaru“.
1357 3797 1416 3851 tton
1436 3812 1504 3863 per·

402 3893 509 3960 spicio,
537 3891 600 3959 quid
631 3889 699 3942 illud
729 3904 841 3954 „nomeu
864 3887 976 3955 poetae“
997 3888 1049 3940 sibi
1071 3888 1153 3948 velit;
1185 3905 1273 3957 ncquc
1300 3889 1371 3939 cuim
1392 3893 1506 3938 veretur

402 3980 569 4047 Encolpius,
593 3995 627 4029 ne
645 3979 704 4046 quis
726 3993 743 4028 n
755 3992 770 4027 o
782 3992 853 4028 trien
871 3984 980 4042 poetae,
997 3978 1043 4028 scd
1064 3993 1097 4027 uc
1116 3978 1232 4043 ipsum
1252 3984 1357 4042 poetam
1380 3975 1502 4026 carmina

404 4085 487 4137 usquc
513 4068 545 4119 ad
572 4081 695 4118 nauseam
721 4066 874 4116 recitantem
900 4064 1016 4118 olfaciat.
1042 4064 1142 4132 'ltaque
1165 4065 1206 4115 sic
1232 4064 1401 4130 scripserint:
1425 4077 1504 4127 „uum

658 4151 749 4205 [nomen
766 4151 855 4206 poetae]
913 4165 915 4168 ¹

402 4214 424 4264 si
443 4213 541 4282 aliquis
563 4250 569 4263 .
590 4249 597 4263 .
619 4247 626 4262 .
644 4210 855 4277 Eumolpum
885 4204 1026 4261 attestaris
1046 4221 1069 4256 e.
1089 4221 1114 4272 q.
1135 4220 1157 4256 s.
1176 4202 1334 4255 ioculariter
1352 4189 1508 4268 Encolpius

402 4300 506 4353 adludit
526 4299 662 4364 adipsum
684 4298 801 4349 nominis
822 4296 1021 4364 etymologiam.
1042 4294 1078 4344 ‘Si
1100 4291 1179 4360 quis’,
1199 4293 1296 4359 iuquit,
1316 4289 1410 4342 ‘dulce
1435 4302 1508 4342 cen-

404 4396 500 4441 tantem
527 4388 657 4450 audierit,
677 4395 762 4439 actum
789 4384 857 4438 crit’.
895 4384 952 4435 lluc
980 4382 1087 4450 quidem
1108 4378 1187 4432 Giton
1214 4385 1316 4446 spectat
1340 4375 1507 4443 Encolpium

401 4500 509 4553 rogans,
527 4501 560 4536 ue
580 4483 696 4550 „seniori
716 4479 909 4534 convicietur“.

489 4630 655 4726 A
