3542 5292
826 535 865 596 27

299 741 419 786 coenae
433 718 586 798 timuisse,
598 716 763 782 hisverbis
775 717 901 802 pergit:
915 715 1007 801 ,lpse
1018 714 1211 780 Trimalchio
1234 735 1306 778 cum
1330 735 1402 798 gra·

299 819 380 883 vitcr
421 815 634 903 ingemuisset
681 837 892 903 superque
948 816 1161 879 brachium
1205 823 1399 899 tanquam

302 920 458 983 laesum
483 915 689 996 incubuisset,
702 938 895 981 concurrere
913 916 1047 981 medici“
1069 925 1100 980 et
1117 915 1227 1002 paullo
1251 922 1324 1002 post
1338 934 1402 977 ser-

300 1042 375 1083 vum
408 1021 612 1083 verberatum
649 1039 721 1081 esse
745 1019 862 1098 refert,
893 1017 965 1102 ,qui
993 1017 1155 1081 brachium
1188 1015 1307 1081 domini
1330 1035 1403 1079 oon·

299 1129 407 1183 tusum
428 1120 499 1184 alba
518 1118 624 1206 potius
649 1140 742 1203 quam
766 1118 964 1203 conchyliata
985 1119 1164 1184 involverat
1186 1119 1284 1183 lana.“
1326 1119 1402 1182 lure

298 1219 444 1304 profecto
476 1217 627 1297 mireris,
659 1217 745 1303 quod
770 1240 834 1282 non
861 1218 965 1283 statim
994 1241 1057 1282 una
1080 1241 1153 1282 cum
1186 1241 1277 1283 casus
1310 1217 1398 1282 illius

302 1317 603 1383 commemoratione
635 1326 780 1382 narratur
809 1339 947 1404 puerum
972 1318 1132 1384 decidisse
1156 1319 1187 1382 in
1204 1321 1310 1406 ipsum
1332 1318 1401 1383 Tri·

303 1416 515 1482 malchionem
540 1419 674 1505 eiusque
696 1417 859 1483 brachium
880 1419 1080 1484 vulnerasse.
1122 1419 1161 1483 ld
1175 1419 1292 1505 siquid
1312 1418 1399 1483 aliud

299 1521 404 1584 statim
427 1522 465 1584 ab
488 1519 575 1584 initio
605 1522 730 1585 referre
761 1520 900 1586 debebat
922 1519 1107 1607 Encolpius.
1159 1521 1246 1601 Quid
1278 1519 1402 1584 multa?

300 1620 514 1687 Scribendum
550 1629 612 1685 est:
635 1619 734 1701 ,Oum
769 1623 910 1686 maxime
940 1622 1019 1686 haec
1048 1622 1175 1686 dicente
1197 1621 1288 1703 Gaio,
1313 1642 1398 1707 puer

299 1725 339 1789 in
371 1725 585 1790 brachium
621 1724 713 1787 eius
734 1722 886 1810 delapsus
916 1729 988 1787 est“.
1031 1723 1148 1788 Fateor
1169 1724 1251 1787 hanc
1275 1722 1399 1787 coniec-

299 1833 401 1887 turam
424 1823 504 1888 uihil
526 1823 655 1903 habere,
687 1843 749 1907 quo
778 1822 883 1908 primo
915 1824 1026 1887 obtutu
1054 1845 1090 1887 se
1110 1823 1252 1887 insinuet
1273 1823 1403 1887 lectoris

289 1912 414 2006 ammo,
437 1924 495 1988 sed
514 1923 600 1986 illam
624 1925 832 2008 probaturum
849 1923 975 1987 confido
989 1925 1043 2008 qui
1056 1945 1138 2010 quae
1152 1933 1245 1988 antea
1263 1923 1400 1989 disserui

303 2024 463 2089 adtentius
483 2045 592 2088 secum
614 2023 818 2108 reputaverit.
864 2022 1016 2088 Ceterum
1039 2026 1121 2089 inter
1141 2028 1239 2091 verba
1260 2025 1309 2106 ,in
1331 2026 1401 2090 bra-

260 2137 262 2141 ‘
302 2120 409 2189 chium
431 2124 516 2188 eius“
540 2134 571 2187 et
597 2122 875 2205 ,Trimalchionis‘
903 2146 967 2188 non
996 2133 1078 2188 tanta
1098 2126 1274 2190 litterarum
1297 2125 1401 2189 diver-

299 2226 375 2290 sitas
398 2225 575 2306 intercedit,
589 2234 624 2288 ut
645 2248 663 2288 a
685 2225 816 2291 librario
839 2226 1136 2311 neglegentissime,
1158 2226 1260 2313 qualis
1282 2227 1309 2291 is
1324 2234 1400 2304 erat,

303 2326 354 2391 cui
370 2325 605 2408 Tragurianum
628 2324 793 2404 debemus,
817 2347 883 2389 non
914 2326 1078 2412 potuerint
1098 2326 1283 2414 permutari,
1309 2346 1401 2413 prae-

300 2425 413 2490 sertim
435 2448 507 2489 cum
528 2447 646 2491 nomen
668 2425 912 2491 Trimalchionis
943 2426 977 2489 in
1000 2430 1110 2512 quavis
1132 2429 1251 2515 pagina
1273 2426 1402 2514 saepius
1496 2499 1502 2504 0

301 2525 330 2589 ei
346 2526 554 2590 scribendum
575 2535 669 2590 esset.

343 2641 461 2706 Misero
494 2642 541 2707 illi
577 2664 681 2730 puero
714 2644 840 2731 lapsum
873 2667 939 2709 non
966 2643 1088 2710 crimini
1116 2644 1204 2709 dedit
1232 2645 1393 2721 dominus2

300 2743 398 2807 immo
417 2743 466 2825 ,in
489 2743 591 2808 vicem
612 2790 620 2807 .
643 2790 650 2806 .
670 2795 677 2808 .
701 2765 826 2831 poenae
849 2744 938 2810 venit
959 2745 1121 2810 decretum
1145 2744 1401 2826 Trimalchionis,

300 2865 363 2928 quo
382 2865 521 2930 puerum
544 2844 633 2909 iussit
655 2845 792 2910 liberum
814 2867 897 2927 esse,
921 2868 962 2911 ne
985 2847 1055 2931 quis
1067 2853 1179 2933 posset
1201 2845 1309 2910 dicere
1333 2853 1401 2908 tan·

299 2952 364 3007 tum
389 2943 522 3008 viruma
537 2965 633 3009 servo
656 2945 939 3011 esseliberatum“.
964 2947 1028 3010 Pro
1051 2947 1208 3011 'vocabulo
1228 2950 1399 3031 ,poenac“,

299 3046 385 3131 quod
403 3044 592 3110 Hadrianidi
615 3044 761 3126 debetur,
786 3047 817 3111 in
831 3046 1034 3133 Traguriano
1054 3068 1225 3133 perperam
1248 3045 1401 3131 scriptum

300 3156 348 3212 est
372 3153 511 3227 ,sccne“.
551 3147 662 3212 Restat
682 3146 903 3211 foedissimum
935 3147 1087 3211 mendum
1104 3148 1329 3227 ·,‚liberatum“,
1360 3167 1402 3210 ex
1441 3185 1444 3190 ,

300 3270 364 3338 quo
386 3269 482 3312 nemo
502 3247 675 3333 quidquam
699 3247 791 3328 eruit,
815 3247 903 3332 quod
924 3247 992 3311 ullo
1012 3247 1109 3311 modo
1122 3247 1252 3335 probari
1265 3247 1403 3333 possit.¹)

299 3346 368 3414 Sed
389 3368 502 3410 verum
524 3349 710 3430 proximum
731 3356 786 3411 est.
832 3345 1026 3412 Trimalchio
1049 3347 1134 3411 enim
1156 3369 1237 3433 quac
1259 3356 1307 3411 cst
1331 3345 1401 3411 eius

299 3445 450 3533 superbia
472 3454 568 3531 atque
597 3443 720 3511 iactatio
760 3447 878 3533 insigni
903 3449 1055 3536 exemplo
1080 3449 1302 3513 demonstrare
1326 3448 1395 3512 vult

297 3568 425 3611 servum
445 3545 615 3632 indignum
637 3547 696 3614 sibi
716 3547 829 3627 videri,
852 3549 903 3613 cui
926 3550 1096 3628 irascatur3
1121 3571 1155 3614 se
1179 3559 1215 3614 ut
1236 3549 1398 3614 hominem

297 3646 465 3712 liberalem
487 3656 518 3711 ct
538 3669 735 3734 generosum
758 3672 775 3712 a
795 3648 850 3711 vili
876 3650 1032 3738 mancipio
1057 3650 1185 3715 omnino
1216 3672 1282 3714 noa
1303 3672 1400 3737 posse

299 3746 428 3812 offendi.
457 3748 550 3828 Quae
564 3748 695 3834 quidem
718 3749 872 3813 sententia
895 3751 1090 3832 restituetur,
1113 3750 1139 3816 si
1159 3773 1283 3816 meeum
1300 3749 1399 3835 scrip-

305 3959 495 3970 --—--..-.....

336 4096 361 4163 l)
383 4096 525 4148 Heinsius:
544 4113 576 4163 ,a
593 4096 741 4148 servulo
763 4097 824 4150 rili
845 4096 1095 4150 verberatum“.
1116 4097 1284 4149 Scbefferus:
1304 4099 1398 4164 „vul-

300 4184 484 4249 neratum“,
503 4188 575 4253 quod
606 4188 683 4237 ctiam
707 4184 816 4237 hciusio
849 4187 876 4237 in
900 4192 1013 4238 mentem
1044 4187 1125 4237 venit.
1163 4185 1214 4238 Sed
1236 4193 1263 4237 ut
1284 4186 1317 4238 dc
1337 4187 1399 4238 aliis

298 4282 408 4337 taceam,
431 4273 502 4340 quod
526 4288 592 4340 puer
612 4281 691 4340 post
710 4274 812 4341 lapsum
835 4273 910 4325 illum
930 4275 1131 4339 manumittitur,
1150 4275 1177 4326 id
1197 4275 1318 4341 profecto
1341 4290 1390 4324 ne·-

298 4363 395 4419 minem
416 4360 548 4426 impedire
568 4368 665 4427 potest,
687 4378 720 4413 ne
741 4360 966 4423 Trimalchionem
984 4377 999 4412 a
1019 4378 1125 4414 servo
1148 4361 1315 4414 vulneratum
1334 4377 1394 4412 esse

298 4449 378 4500 dicat.
416 4447 559 4500 Reishius:
574 4448 618 4510 „li
630 4450 687 4501 vid
698 4465 711 4500 a
722 4457 731 4500 t
742 4465 757 4501 u
769 4449 819 4501 m“.
