3542 5292
864 549 904 613 37

375 735 453 822 Cap.
475 735 533 816 68,
557 735 762 817 2„P0teram
786 731 935 819 quidem,
963 730 1064 816 inquit
1076 779 1087 813 ‚
1120 732 1182 796 hoc
1212 733 1338 797 ferculo
1364 754 1436 798 csso

334 846 510 917 contentus,
526 836 684 901 secundas
698 835 781 898 onim
793 835 916 898 habetis
933 854 1077 908 mensas3
1096 832 1123 896 si
1144 832 1221 917 quid
1233 832 1311 898 belli
1326 834 1448 914 habess

333 939 422 1001 affer.
466 934 547 1002 (lum
581 938 679 1000 verba
711 935 754 1017 „si
785 934 861 1020 quid
886 933 962 1000 bclli
986 934 1103 998 bobesa
1128 933 1174 998 eis
1210 956 1292 1018 quae
1311 943 1435 999 autece-

334 1039 422 1118 dunt,
442 1036 609 1102 manifesto
625 1044 837 1123 opponantur,
851 1035 1004 1121 particula
1025 1034 1224 1099 adversativa
1239 1034 1342 1120 qualis
1359 1058 1396 1116 „a
1405 1040 1433 1099 1α

333 1138 505 1204 inserenda
531 1145 597 1202 est:
629 1144 683 1217 „at
718 1137 743 1200 si
767 1135 843 1221 quid
867 1135 944 1201 belli
965 1135 1081 1201 habes“
1105 1157 1133 1198 e.
1156 1157 1185 1219 q.
1206 1158 1230 1198 s.
1241 1136 1280 1221 ¹).

378 1238 458 1325 Oap.
483 1238 533 1318 69,
555 1240 574 1302 3
597 1238 668 1319 „sic
689 1259 740 1301 mc
764 1237 886 1301 salvum
909 1235 1061 1316 habeatis,
1085 1245 1119 1299 ut
1141 1257 1204 1320 ego
1227 1236 1273 1300 sic
1295 1234 1438 1300 solebam

333 1339 434 1427 ipsam
458 1339 666 1404 Mammaeam
690 1337 876 1418 debatuere,
897 1345 931 1401 ut
957 1337 1050 1401 etiam
1060 1336 1207 1402 dominus
1221 1336 1437 1423 suspicaretur

334 1449 366 1505 et
398 1438 472 1503 ideo
509 1461 560 1504 me
589 1440 620 1502 in
650 1439 874 1504 villicationem
906 1438 1072 1524 relegavit.
1115 1436 1183 1505 Sed
1215 1445 1284 1502 tace
1316 1437 1437 1522 lingua,

334 1541 396 1605 iam
419 1539 500 1606 dabo
523 1547 665 1626 pancm“.
687 1540 839 1605 Heinsius
855 1537 975 1626 „ipsam
999 1539 1206 1603 stammam«
1228 1560 1270 1602 ex
1293 1559 1332 1605 eo
1350 1537 1436 1622 quod

334 1651 366 1714 in
401 1649 601 1735 Traguriano
640 1658 687 1713 est
719 1647 842 1734 „ipsum
886 1652 1058 1713 ammeam“
1092 1646 1232 1711 restituit
1266 1646 1436 1731 eidemque

336 1751 466 1837 „lingua
487 1751 565 1815 ῐιιιια
589 1751 743 1828 debetur;
764 1748 798 1812 in
821 1747 932 1813 codice
957 1747 1042 1812 onim
1064 1769 1237 1834 perperam
1260 1747 1439 1832 „linguam‘

335 1851 487 1938 scriptum
511 1861 567 1916 est.
611 1850 699 1916 Nihil
722 1859 825 1914 autem
850 1848 932 1913 dixit
943 1848 984 1913 de
1007 1849 1197 1935 gravissimo
1221 1847 1296 1913 vitio
1321 1849 1435 1915 inver-

336 1952 386 2018 bis
408 1951 614 2039 ineptissimis
636 1951 736 2033 „dabo
764 1959 898 2038 pauem“
929 1950 1044 2035 posito.
1086 1951 1174 2036 Apta
1202 1950 1358 2014 sententia
1380 1950 1439 2013 hac

335 2052 497 2118 lenissima
512 2051 682 2116 mutatione
695 2045 899 2116 restituetur:
923 2049 1008 2130 „Sed
1034 2058 1101 2113 tace
1123 2049 1245 2135 lingua,
1267 2049 1330 2115 iam
1355 2048 1437 2113 dabo

337 2156 537 2239 poouam“.
580 2151 699 2214 Insistit
726 2149 829 2215 subito
864 2148 1060 2214 Trimalchio
1091 2149 1232 2214 sentiens
1264 2171 1299 2214 sc
1322 2170 1436 2235 parum

337 2262 495 2320 cauteres
510 2252 580 2318 illas
592 2252 757 2317 amatorias
769 2251 886 2318 iactare
897 2275 904 2332 ;
917 2255 971 2317 vel
987 2251 1148 2334 invidiam,
1163 2276 1257 2339 quam
1272 2252 1438 2318 iactatione

334 2379 392 2420 sua
410 2356 543 2419 fortasse
564 2353 737 2435 lacesserit,
751 2354 800 2418 his
823 2354 929 2418 verbis
954 2378 971 2416 a
995 2375 1030 2417 se
1055 2353 1233 2418 defendere
1257 2354 1333 2417 vult

377 2454 456 2542 Cap.
479 2456 529 2536 70,
556 2457 595 2518 10
616 2455 784 2536 „Permitto
796 2503 805 2535 ,
828 2454 941 2539 inquit,
966 2453 1161 2539 Philargyre
1189 2463 1221 2518 et
1243 2453 1376 2520 Carrio“
1397 2491 1439 2502 -

336 2555 402 2620 scil.
427 2555 617 2622 accumbatis
642 2593 682 2602 -
703 2564 752 2635 „et
774 2554 799 2619 si
817 2555 983 2642 prasianus
1006 2578 1041 2620 es
1065 2557 1231 2637 furiosus,
1255 2556 1306 2619 dic
1330 2564 1361 2620 et
1382 2554 1438 2620 Mi·

339 2657 489 2743 nophilae
520 2654 740 2721 contubernali
770 2665 843 2720 tuae
874 2655 1078 2721 discumbat‘.
1109 2655 1185 2720 lure
1201 2656 1262 2734 „si“
1286 2655 1440 2743 particula

339 2755 415 2820 viris
434 2755 533 2821 doctis
558 2756 736 2842 displicuit3
759 2777 866 2842 neque
880 2756 963 2820 enim
977 2756 1209 2837 conditionalis,
1225 2756 1284 2821 sed
1306 2756 1439 2821 causalis

335 2855 494 2943 particula
514 2857 698 2943 requiritur.
721 2857 832 2942 ltaque
856 2857 1102 2944 corrigendum:
1122 2867 1172 2939 „et
1196 2857 1318 2945 quia“.
1342 2857 1438 2934 „Pra“

337 2957 470 3043 syllaba,
496 2980 578 3044 quae
599 2960 802 3044 sequebatur,
831 2982 974 3025 errorem
987 2959 1175 3046 procreavit.
1198 2958 1312 3026 Solent
1334 2966 1439 3022 autem

335 3077 495 3144 personae
515 3058 665 3145 plebeiae
686 3060 794 3144 „quia“
818 3059 976 3147 particula
997 3059 1054 3123 uti.

380 3155 459 3245 Cap.
485 3160 544 3240 71,
566 3160 585 3223 9
608 3159 674 3242 7,Te
697 3183 797 3246 rogo,
829 3169 863 3224 ut
893 3182 991 3224 naves
1022 3160 1116 3224 etiam
1147 3157 1345 3224 mouumenti
1375 3158 1439 3222 mei

336 3259 431 3325 facias
450 3260 557 3348 plenis
582 3261 662 3325 velis
686 3266 824 3326 euntes“.
855 3262 983 3326 Haereo
1004 3261 1038 3324 in
1058 3261 1202 3347 genitivo
1223 3258 1439 3342 „monumenti

335 3359 427 3441 mei“,
451 3382 546 3446 quem
569 3362 730 3447 quomodo
753 3363 946 3448 interpretes
968 3363 1028 3429 sibi
1055 3361 1285 3449 explicaverim
1308 3359 1438 3425 difficile

334 3685 440 3729 secutus
460 3679 492 3730 ad
513 3678 749 3743 bancscripturam
770 3679 900 3743 perveni:
921 3677 1004 3743 „lluic
1023 3677 1158 3743 Epicurus
1178 3692 1351 3744 praesens
1372 3685 1433 3741 est,

335 3766 357 3817 si
378 3763 490 3832 potest“⁷
516 3766 575 3816 soil.
601 3782 729 3831 praesens
760 3783 819 3818 osse
840 3790 873 3802 -
894 3765 969 3829 „cui“
990 3783 1013 3817 e.
1028 3782 1054 3834 q.
1074 3782 1093 3816 s.
1114 3765 1202 3817 Sentis
1223 3764 1382 3818 Ciceronem
1404 3767 1438 3816 de

334 3852 453 3919 Epicure
483 3870 541 3904 cum
570 3856 658 3904 ironia
686 3856 796 3922 quadum
828 3855 921 3923 loqui,
942 3857 1018 3923 quasi
1044 3871 1142 3906 numen
1163 3856 1286 3908 divinum
1306 3857 1349 3906 sit.
1387 3854 1436 3905 Ilia

336 3957 402 3993 vero
422 3943 509 3992 miuus
530 3942 626 3993 acerba
646 3944 790 4008 evaderet,
811 3946 832 3993 si
860 3946 1047 4007 coniunctim,
1078 3945 1123 4010 qui
1145 3942 1281 4009 lladvigio
1303 3942 1439 4006 placuisse

334 4029 452 4094 videtur,
473 4031 561 4096 posito
584 4034 750 4100 corrigeres:
772 4033 856 4098 „lluic
876 4032 1008 4098 Epicurus
1028 4047 1202 4096 praeseus
1221 4029 1295 4080 sit“.

370 4117 397 4184 1)
412 4100 575 4184 *cap.'67,13
595 4123 636 4184 „in
658 4122 760 4188 gremio
783 4121 922 4172 Scintillae
941 4121 1185 4170 indecentissimum
1212 4116 1309 4168 rubere
1341 4116 1435 4166 faciem

335 4207 444 4258 sudario
466 4205 630 4259 abscendit“.
655 4209 797 4261 lleiuesius
814 4207 1088 4272 „indecentissimam“
1110 4208 1233 4273 scripsit,
1260 4205 1437 4272 l'raguriauus

336 4295 482 4358 „indecens
509 4293 609 4346 inrarn“.
648 4296 697 4348 Sed
723 4299 775 4348 nisi
803 4297 912 4348 uurltunr
940 4297 1031 4360 fallor,
1051 4295 1197 4361 Encolpius
1227 4295 1334 4345 ironice
1353 4293 1437 4342 dixit:

336 4383 367 4447 „d
377 4399 391 4433 e
403 4384 498 4434 conti
509 4399 521 4432 s
532 4399 542 4432 s
553 4385 560 4432 i
571 4401 593 4433 m
603 4399 616 4433 a
628 4400 650 4433 ιιι
680 4384 778 4436 rubere
807 4384 918 4436 facicur“
940 4384 981 4435 vel
1004 4386 1050 4449 „ia
1061 4400 1083 4433 ιιι
1105 4379 1345 4434 decentissimunr.“
1368 4379 1436 4429 Vul-

334 4477 395 4538 gata
415 4472 546 4536 scriptura
568 4471 658 4537 inepta
681 4479 728 4523 cst.
