3542 5292
754 535 996 600 »49‘

341 720 442 785 direm
461 718 652 806 sententias,
681 718 715 782 id
749 721 833 804 est¹)
867 719 967 784 vitrea
994 721 1095 786 fracta
1116 731 1148 787 et
1168 723 1365 787 somniorum
1390 723 1436 786 in-

259 814 263 821 *
339 820 611 907 terpretamenta?
656 819 756 906 Multo
786 843 837 884 me
868 821 993 907 turpior
1023 845 1057 887 es
1089 833 1121 887 tu
1144 822 1287 889 Hercule
1319 824 1373 909 qui
1402 833 1438 888 ut

337 921 610 1007 forislcoenares,
642 930 769 1006 poetam
790 921 954 1003 laudastit,
989 921 1104 1005 Poeta,
1136 929 1230 1009 quem
1260 923 1435 1011 Encolpius

339 1022 487 1090 laudasse
510 1021 641 1103 dicitur,
665 1023 891 1106 Agamemnon
919 1032 966 1096 est
987 1035 1178 1110 praeceptor
1206 1024 1284 1106 eius,
1317 1024 1371 1107 qui
1401 1033 1437 1088 ut

299 1187 301 1191 ,
337 1122 400 1186 iam
441 1120 524 1202 dixi,
566 1114 693 1186 carmen
723 1122 763 1187 de
792 1145 966 1209 puerorum
998 1124 1184 1189 educatione
1217 1147 1284 1209 cap.
1313 1123 1436 1189 breci-

338 1221 423 1286 tavit.
446 1220 515 1303 ¹,Id
541 1243 628 1287 >vero
659 1221 831 1307 Encolpius
867 1224 1014 1289 laudibus
1039 1227 1189 1312 excepit,
1226 1235 1260 1289 ut
1280 1246 1433 1310 praecop-

336 1331 447 1404 torem,
481 1323 534 1406 qui
565 1323 649 1408 apud
678 1321 944 1388 Trimalchionem
978 1326 1135 1411 parasitac
1169 1335 1275 1411 partes
1305 1324 1380 1409 agit,
1404 1323 1436 1386 in

337 1423 469 1487 divitum
504 1445 618 1488 coenas
660 1425 870 1493 comitaretur.
920 1425 989 1491 Iam
1021 1427 1104 1491 scire
1137 1427 1233 1492 velim
1274 1424 1435 1510 quomodo

337 1527 437 1590 verba
458 1547 540 1607 ,non
564 1525 669 1591 notavi
695 1524 772 1588 mihi
788 1525 914 1612 Ascylti
938 1526 1092 1613 fugam“
1115 1526 1278 1611 expedias
1304 1523 1435 1590 Constat

314 1626 510 1711 1Ascyltum
535 1621 618 1691 ‘tunc
648 1627 776 1690 demum
809 1626 951 1711 fugisse,
985 1651 1055 1692 cum
1080 1637 1111 1693 et
1133 1649 1261 1693 carmen
1283 1629 1322 1693 ab
1345 1629 1433 1715 Aga·

325 1729 508 1818 'memnone
524 1728 732 1803 declamatum
757 1737 788 1791 et
808 1728 920 1792 laudes
941 1729 1116 1810 audiverat,
1134 1728 1246 1814 quibus
1260 1727 1433 1814 Encolpius

337 1829 538 1916 praeceptori
561 1828 705 1892 adulatus
731 1836 786 1892 est.
832 1828 919 1908 Quid
942 1829 1041 1913 igitur
1061 1830 1148 1894 dices
1173 1816 1213 1893 de
1237 1827 1431 1894 substantivo

336 1931 447 2016 ,fuga“
480 1936 589 1995 contra
621 1951 747 1994 omnem
777 1929 938 1994 rationem·
959 1930 1012 1995 hic
1039 1931 1169 2016 posito?
1207 1932 1258 2001 Ac
1282 1952 1323 1994 ne
1351 1929 1433 1993 illud

337 2032 466 2117 quidem
504 2029 616 2113 ,mi-hi
645 2029 769 2093 notavi‘t
791 2040 878 2094 recte
902 2030 1019 2094 dictum
1046 2040 1102 2094 est.
1144 2029 1226 2094 Nam
1258 2029 1344 2115 apud
1373 2028 1432 2093 Pe·

336 2134 473 2213 tronium
496 2134 630 2197 verbum
648 2135 794 2213 ,notare“
818 2130 871 2195 vel
892 2131 978 2196 idem
993 2132 1079 2196 valet
1097 2143 1191 2218 atque
1206 2132 1336 2216 ‘aliquid
1359 2141 1434 2196 nota

338 2236 488 2316 adficere,
506 2233 631 2319 insigne
656 2235 772 2297 facere'
800 2271 843 2280 —
866 2233 904 2297 ef.
932 2256 999 2317 oap.
1022 2235 1073 2315 30,
1089 2236 1119 2298 4.
1141 2235 1234 2316 79,4.
1255 2235 1325 2316 103,
1347 2235 1367 2297 2
1393 2272 1431 2285 -

337 2336 390 2426 vel
419 2337 504 2400 idem
541 2327 636 2424 atque
673 2335 947 2399 ‘animadvertere’
973 2336 1011 2399 cf.
1035 2337 1096 2417 12,
1122 2338 1151 2400 1.
1180 2337 1238 2418 27,
1259 2337 1289 2400 3.
1320 2337 1378 2417 29,
1403 2337 1432 2400 7.

335 2439 386 2518 33,
407 2440 437 2503 2.
460 2440 510 2520 36,
535 2440 564 2504 3.
587 2440 637 2520 67,
662 2440 690 2502 7.
713 2440 762 2520 70,
789 2440 819 2520 6,
843 2439 893 2502 12.
916 2440 965 2520 73,
989 2439 1019 2503 5.
1042 2439 1092 2519 82,
1116 2438 1147 2502 2.
1171 2439 1241 2518 102,
1264 2438 1431 2519 31042.

337 2538 426 2604 Haec
461 2540 590 2623 quidem
619 2539 812 2631 significatio
841 2539 949 2603 addito
981 2537 1076 2620 ,sibu
1106 2537 1296 2621 pronomine
1327 2575 1366 2585 -
1392 2537 1431 2602 cf.

337 2640 407 2721 103,
426 2642 455 2705 5.
486 2628 562 2722 111,
579 2642 598 2706 6
630 2641 803 2705 -fortior
828 2640 941 2721 evadit,
959 2639 1001 2703 ita
1022 2649 1056 2703 ut
1080 2639 1150 2703 ‘sibi
1169 2639 1288 2724 aliquid
1310 2641 1431 2703 notare’

335 2742 421 2806 idem
433 2742 538 2806 valeat
547 2730 640 2827 atque
660 2742 828 2807 ‘adtentius
841 2741 959 2826 aliquid
973 2742 1131 2826 inspicere
1152 2751 1246 2827 atque
1259 2740 1432 2805 memoriae

339 2843 457 2907 deinde
487 2843 692 2928 imprimere’,
724 2843 801 2927 ‘sich
829 2844 982 2907 merken’.
1022 2842 1088 2907 Iam
1110 2864 1188 2906 vero
1208 2863 1314 2906 nonne
1336 2841 1433 2905 sentis

336 2944 420 3008 male
439 2944 519 3008 illud
532 2943 627 3027 ,mihi
645 2945 768 3008 notavi“
781 2965 840 3029 pro
860 2943 997 3030 simplici
1008 2944 1107 3008 verbo
1134 2942 1274 3024 ,notavi‘
1293 2941 1431 3026 positum

339 3163 535 3173 W

372 3313 399 3379 1)
419 3312 567 3364 Delendum
577 3317 641 3378 puto
662 3311 702 3374 „id
724 3297 789 3372 cst“,
805 3309 876 3376 quod
897 3309 1045 3358 concitatae
1059 3309 1173 3361 orationi
1193 3323 1283 3374 parum
1303 3294 1432 3362 conuenit

251 3416 253 3425 ·
336 3416 367 3451 ac
395 3399 466 3451 malo
499 3398 665 3449 conlocatum
688 3403 734 3447 est.
770 3395 868 3446 Eadem
898 3397 1011 3458 ratione,
1037 3403 1065 3444 ut
1084 3394 1192 3446 Iahnius
1211 3397 1324 3460 monuit,
1344 3395 1431 3447 libra·

335 3489 392 3537 rius
413 3486 559 3552 particulae
585 3485 627 3549 „id
661 3483 714 3534 est“
745 3485 831 3548 primo
860 3498 962 3555 coenae
982 3484 1124 3534 enunciato
1145 3485 1257 3534 inscruit
1277 3499 1335 3549 cap.
1354 3481 1431 3547 26,7

336 3560 468 3637 ,Venerat
498 3573 548 3621 iam
567 3571 670 3621 ¹tertius
690 3569 762 3633 dies,
785 3570 812 3620 id
838 3577 876 3620 est
896 3571 1058 3636 exspectatio
1079 3568 1182 3621 liberae
1203 3571 1331 3622 coenae-‘⁶
1373 3571 1429 3622 lloo

335 3660 398 3711 loco
419 3660 524 3711 additae
551 3658 677 3710 videntur
706 3658 737 3708 ad
766 3658 960 3708 resarciendam
990 3657 1127 3722 lacunam,
1152 3660 1189 3708 ita
1215 3666 1242 3709 ut
1261 3659 1305 3709 hic
1326 3674 1428 3711 coenae

335 3748 412 3799 locus
433 3748 473 3798 eis
494 3746 613 3808 adcednt,
635 3760 701 3812 quos
723 3745 816 3796 codem
840 3746 907 3796 vitio
929 3744 1053 3796 laborare
1075 3760 1155 3810 supra
1177 3745 1359 3798 demonstrare
1378 3754 1429 3798 oo·

335 3842 496 3885 natussum.
534 3819 573 3883 De
593 3820 731 3898 particulis
750 3833 792 3896 „id
814 3831 867 3882 est“
889 3832 924 3882 ci.
943 3831 1060 3899 Madvig.
1081 3832 1106 3882 in
1127 3830 1183 3883 Cic.
1206 3834 1230 3884 d.
1251 3832 1444 3900 111]11).ρ.72,Δ

337 3921 405 3986 139,
432 3919 501 3986 144,
525 3919 587 3974 264.
613 3920 741 3973 Ritschel.
772 3922 840 3987 apud
871 3920 1077 3972 Reifferscheid.
1106 3920 1214 3972 Sueten.
1242 3922 1291 3973 rel.
1320 3938 1346 3989 p.
1367 3921 1428 3974 503.

336 4009 428 4061 Simile
453 4011 545 4061 vitium
576 4012 602 4060 in
634 4009 675 4059 his
704 4008 794 4059 verbis
822 4009 946 4078 vulgatur
973 4024 1031 4075 cap.
1050 4009 1083 4073 9,
1101 4007 1120 4061 4
1140 4008 1234 4074 „Tuus‚
1256 4011 1358 4077 inquit,
1378 4014 1428 4061 iste

335 4099 415 4150 irater
435 4113 482 4149 seu
513 4109 602 4148 comes
633 4096 724 4163 paullo
759 4104 818 4148 ante
846 4100 872 4149 in
906 4098 1064 4148 conductum
1096 4099 1264 4148 accucurrit¹⁴
1303 4114 1326 4149 a.
1355 4115 1380 4166 q.
1408 4114 1425 4149 s

337 4187 500 4252 Verba„seu
523 4185 626 4238 comes“
651 4185 762 4252 ‚,frat'-er“
793 4186 928 4239 vocabulo
957 4189 1101 4251 natatorio,
1134 4202 1194 4255 quov
1219 4189 1334 4254 scriptor·
1364 4203 1425 4239 sae·

334 4278 444 4346 pissime
463 4277 561 4339 utitur,
590 4302 624 4315 -
652 4276 687 4326 es.
707 4275 733 4340 9,
753 4275 778 4327 2.
797 4274 841 4340 11,
863 4273 892 4338 3,
908 4272 933 4326 4.
961 4274 1006 4339 13,
1027 4275 1051 4327 2.
1070 4273 1114 4339 24,
1128 4275 1152 4327 6.
1171 4273 1215 4339 25,
1231 4272 1257 4328 7.
1276 4274 1321 4340 79,
1339 4276 1364 4329 9.
1381 4274 1435 4340 80,

332 4364 359 4430 5,
373 4365 397 4417 6.
417 4362 461 4428 91,
474 4362 500 4415 2.
521 4359 583 4427 101,
599 4361 734 4427 9.127,2.
754 4362 816 4427 129,
834 4363 860 4416 8.
880 4363 1158 4428 133‚1-alibrario
1181 4363 1273 4432 aliquo
1293 4366 1426 4430 adscripta
1450 4369 1453 4374 '

252 4440 257 4454 ⁸
332 4461 400 4505 aunt.

1181 4501 1183 4504 ‚
1208 4554 1230 4616 4
