3542 5292
825 529 906 603 ,to

331 717 386 780 illa
406 715 561 801 scriptura
572 713 716 793 Latinum
739 715 929 779 vocabulum
954 735 1069 778 eruero
1092 735 1156 776 non
1181 715 1348 798 potuisset,
1366 715 1440 779 Tri-

332 815 553 895 malchionem,
576 837 669 899 quem
700 815 862 878 hominem
884 812 1006 898 Syrum
1037 814 1135 876 luisse
1168 814 1229 878 sibi
1262 816 1454 898 persuasit„

332 916 466 1000 Syriaco
490 915 645 980 vocabulo
680 915 879 996 ,ch'schuk“,
914 914 1000 998 quod
1033 913 1118 976 idem
1150 922 1243 997 atque
1268 915 1439 999 ‘angulum

330 1018 585 1096 tenebricosum,
609 1015 773 1079 latibulum
804 1017 985 1079 obscurum’
1009 1014 1117 1076 valere
1140 1013 1282 1095 monuit,
1309 1015 1438 1078 donare

280 1174 283 1180 .
331 1141 395 1183 non
419 1115 579 1181 dubitavit.
622 1113 690 1181 Sed
721 1116 769 1178 vir
798 1117 953 1200 egregius
976 1115 1036 1178 hac
1072 1114 1123 1176 via
1150 1115 1223 1178 satis
1251 1115 1439 1200 periculosa

333 1240 443 1282 verum
475 1215 588 1300 opinor
621 1238 685 1277 non
720 1215 848 1278 invenit.
892 1215 969 1278 Mihi
1005 1214 1133 1297 quidem
1166 1236 1355 1299 persuasum
1390 1224 1439 1278 est

332 1317 477 1380 Latinum
505 1315 695 1384 vocabulum
730 1339 767 1378 ae
790 1314 1060 1400 simplicissimum
1086 1314 1216 1398 quidem
1251 1315 1340 1378 miris
1366 1314 1433 1377 illis

333 1416 476 1480 ductibus
501 1415 659 1480 occultari.
703 1415 918 1481 Scribendum
951 1415 1036 1478 enim
1060 1423 1153 1498 puto:
1189 1423 1241 1494 „ut
1262 1415 1349 1478 scitis
1381 1415 1438 1477 vi·

332 1540 401 1582 cus
423 1512 503 1596 erat,
528 1539 613 1579 nunc
643 1515 797 1600 templum
822 1520 897 1577 ese.
923 1515 961 1577 cf.
987 1537 1055 1598 cap.
1080 1515 1133 1593 61,
1156 1514 1176 1576 6
1198 1515 1299 1594 ,llum
1327 1514 1439 1578 adhuc

332 1617 508 1696 servirem,
543 1616 762 1682 habitabamus
799 1614 831 1677 in
859 1615 951 1678 vico
983 1623 1136 1698 angust03
1172 1637 1258 1677 nunc
1284 1611 1435 1679 Gavillae

335 1719 447 1781 donrus
472 1721 546 1779 est“.
578 1714 770 1778 Trimalchio
794 1714 835 1777 ad
859 1715 991 1777 domum
1011 1737 1099 1776 suam
1121 1714 1259 1799 amplam
1285 1737 1321 1777 ac
1344 1734 1435 1797 mag-

331 1818 458 1881 nificam
490 1815 665 1900 respiciens
702 1815 742 1878 de
770 1814 887 1878 rustico
918 1814 1072 1898 praedio,
1100 1814 1185 1898 quod
1219 1813 1296 1877 olim
1326 1813 1437 1876 locum

335 1919 402 1982 eius
435 1917 612 1996 obtinebat,
649 1939 717 1979 cum
749 1915 916 1995 manifesto
952 1924 1134 2000 contemptu
1171 1913 1321 1998 loquitur.
1367 1912 1437 1975 Pri-

333 2042 419 2082 mum
442 2017 618 2102 suspicatus
643 2039 731 2079 sum:
769 2014 1130 2104 ,gurgusltium]“,
1155 2013 1214 2078 sed
1237 2014 1373 2077 alterum
1397 2021 1434 2076 ut

334 2119 434 2181 multo
451 2116 627 2202 simplicius
650 2117 810 2198 praefero.

375 2217 463 2282 Haec
485 2216 591 2296 habui,
617 2238 697 2299 quae
729 2216 770 2278 ad
803 2237 933 2279 coenam
964 2213 1209 2278 Trimalchionis
1244 2221 1439 2298 spectarent.

334 2319 403 2382 Iam
424 2319 464 2382 de
482 2317 643 2380 nonnullis
659 2315 735 2380 loeis
753 2316 913 2379 disserere
932 2316 1029 2393 lubet,
1053 2337 1132 2398 quos
1153 2335 1263 2377 omnes
1278 2315 1347 2376 fere
1366 2313 1439 2378 sine

337 2418 491 2481 librorum
529 2439 606 2499 quos
636 2416 712 2479 mihi
743 2416 872 2498 quidem
904 2437 1100 2499 cognoscere
1128 2415 1254 2479 licuerit
1286 2413 1440 2479 subsidiis

338 2518 511 2581 emendare
533 2526 660 2580 conatus
683 2539 762 2580 siun.
808 2515 885 2601 Cap.
908 2517 981 2595 83,3
1001 2515 1175 2600 Encolpius
1196 2514 1440 2600 pinacothecam

337 2616 480 2682 Graecae
502 2617 632 2680 alicuius
656 2617 743 2681 urbis
757 2617 952 2701 perlustrans
975 2615 1051 2679 duas
1068 2615 1194 2700 Apellis
1215 2615 1372 2699 imagines
1395 2613 1442 2678 ita

337 2716 499 2781 describit:
532 2716 643 2797 „llinc
664 2718 768 2800 aquila
790 2717 914 2780 ferebat
934 2716 1024 2779 coelo
1047 2716 1190 2780 sublimis
1216 2716 1322 2797 eleum,
1347 2716 1439 2781 illinc

335 2817 490 2880 candidus
527 2816 629 2900 llylas
662 2816 841 2900 repellebat
875 2815 1053 2900 improbam
1080 2815 1217 2880 Naida.“
1259 2815 1333 2880 Non
1354 2817 1442 2900 sugit

336 2917 606 3001 Bongarsium—
635 2916 673 2979 cf.
699 2914 814 2979 Orellii
840 2916 968 2979 lection.
1003 2914 1132 2978 Petron.
1163 2940 1194 3002 p.
1218 2918 1235 2980 'l
1259 2952 1301 2962 -
1328 2914 1444 3000 Gany-

337 3017 473 3091 medem,
505 3017 592 3080 euius
614 3027 739 3102 raptum
761 3017 899 3103 Apelles
924 3015 1026 3099 prima
1048 3017 1154 3082 tabula
1174 3017 1442 3100 repraesentavit,

337 3140 400 3179 non
423 3138 519 3203 posse
550 3117 645 3181 deum
678 3119 800 3196 vocari3
841 3117 919 3180 'deus
952 3117 1036 3187 enim
1066 3139 1227 3203 nunquam
1250 3119 1349 3182 faetus
1380 3126 1441 3181 est.

337 3218 433 3281 Varia
460 3218 559 3302 igitur
586 3217 646 3279 viri
675 3217 758 3282 docti
787 3217 887 3283 conati
912 3227 994 3297 sunt,
1026 3240 1119 3281 nemo
1144 3227 1251 3282 tamen
1286 3239 1353 3281 rem
1380 3240 1442 3282 acu

337 3318 450 3402 tetigit.
492 3315 657 3381 Emendo:
712 3318 821 3398 „Hinc
864 3317 969 3401 aquila
1002 3318 1125 3382 ferebat
1165 3319 1255 3383 coelo
1292 3317 1442 3383 sublimis

337 3417 539 3481 Idaeum.“
592 3415 786 3503 Exemplum
827 3419 944 3482 frustra
980 3421 1065 3502 apud
1100 3418 1227 3483 Latinos
1264 3418 1441 3503 scriptores

339 3518 524 3602 quaesitum,
549 3540 611 3602 quo
635 3518 858 3603 Ganymedem
880 3519 1075 3583 substantivo
1097 3542 1162 3584 non
1182 3519 1289 3583 addito
1316 3519 1441 3604 simpli-

339 3618 417 3682 citer
439 3617 569 3682 Idaeum
589 3618 784 3705 adpellatum
809 3641 879 3683 esse
903 3622 1150 3705 comprobetur,
1174 3620 1260 3704 apud
1282 3619 1438 3684 Nonnum

335 3719 466 3802 repperi
489 3717 626 3803 Dionys.
639 3719 682 3800 X,
708 3721 779 3784 318.
816 3717 977 3801 'sspnator
999 3717 1137 3801 ἱμερόεις
1159 3717 1366 3800 Γανυμήδεος
1390 3709 1439 3778 εἶ-

340 3819 393 3892 ὸός
414 3817 546 3900 ἐλέγχει.
582 3818 728 3898 Τμώλιος
750 3819 904 3883 Ἰδαίου
930 3819 1004 3882 πέλε
1030 3821 1192 3904 φέρτερος.
1235 3819 1306 3884 Neo
1328 3817 1436 3883 minus

339 3941 433 4002 quam
453 3919 569 4003 grandi
593 3919 721 3990 dictioni
744 3919 932 3984 Nonnianac
954 3920 1023 3984 talis
1053 3919 1225 4007 adpellatio
1250 3917 1365 3983 florido
1389 3919 1441 3982 illi

339 4042 375 4082 ac
395 4040 498 4104 paene
525 4019 647 4083 tumido
681 4020 807 4084 dicendi
836 4021 950 4105 generi
973 4022 1128 4101 convenit,
1165 4043 1227 4105 quo
1261 4019 1439 4104 Encolpius

337 4128 511 4200 „ventosae
540 4120 762 4204 loquacitatis“
786 4121 956 4185 insectator
977 4122 1038 4186 hoc
1065 4121 1199 4205 aliisquo
1228 4120 1366 4185 locis-
1397 4121 1438 4185 cf.

340 4242 407 4305 cap.
433 4220 488 4313 81,
507 4222 527 4283 3
549 4243 596 4304 sq.
624 4223 675 4302 99,
704 4222 734 4304 2,
759 4223 788 4286 3.
823 4224 894 4304 100,
926 4226 954 4286 1.
990 4224 1104 4304 115,ss
1134 4246 1181 4308 sq.
1206 4261 1246 4270 —
1272 4243 1336 4286 non
1366 4220 1438 4287 sine

339 4329 424 4385 certo
449 4321 620 4406 consiti01)
643 4323 748 4386 utitur.
781 4321 873 4402 Quae
896 4325 1173 4409 grandiloquentia
1187 4325 1301 4387 mirum
1320 4324 1352 4386 in
1367 4345 1436 4386 mo-

375 4481 402 4548 1)
425 4482 551 4545 Quamvis
571 4493 695 4552 corrupta
714 4489 777 4553 sint,
796 4503 865 4555 quae
883 4490 970 4540 statim
989 4497 1153 4556 sequuntur,
1172 4489 1199 4541 id
1220 4495 1306 4540 tamen
1326 4488 1436 4554 perspi·
