3542 5292
856 542 897 605 47

330 736 455 816 ponunt
476 728 568 812 eique
591 725 765 811 imperant,
788 733 822 787 ut
843 725 990 788 morbum
1013 720 1211 785 mortiferum
1232 719 1370 800 simulet,
1381 727 1434 800 „ut

289 898 293 905 ,
331 830 506 914 plurimum
526 825 651 906 tussiat,
678 833 712 888 ut
732 823 772 888 sit
794 823 891 888 modo
911 821 1071 887 solutioris
1096 820 1250 885 stomachi
1280 820 1431 901 cibosque

335 949 444 994 omnes
466 928 571 1014 palam
595 925 749 988 damnet‘.
787 921 874 987 Olim
897 921 1178 1007 scriptumfuisse:
1203 928 1255 1002 „ut
1274 919 1315 984 sit
1333 919 1430 983 modo

333 1027 607 1093 astrictioris
629 1025 747 1089 modo
773 1024 937 1089 solutioris
966 1023 1137 1088 stomachi“
1162 1044 1202 1086 cx
1225 1020 1332 1085 verbis
1353 1039 1433 1102 quac

336 1129 440 1194 statim
473 1135 650 1212 sequuntur
684 1125 827 1211 adparet.
883 1124 1008 1189 Eadem
1038 1124 1158 1188 ratione
1187 1124 1226 1187 ab
1258 1119 1433 1186 editoribus

333 1231 463 1316 quidem
487 1229 604 1292 frustra
623 1226 763 1292 adhibita
787 1226 952 1290 emendari
971 1234 1105 1311 possunt
1129 1221 1328 1309 quaepaullo
1350 1221 1433 1284 infra

332 1332 502 1415 leguntur:
530 1327 667 1411 „Scdcat
688 1336 855 1412 practerea
876 1325 1017 1408 quotidie
1039 1326 1080 1390 ad
1094 1324 1232 1388 rationes
1246 1323 1433 1406 tabulasque

333 1431 513 1496 testamenti
539 1430 685 1494 omnibus
710 1433 872 1492 renovet‘.
914 1427 1040 1514 Nempe
1061 1429 1245 1513 proximum
1269 1435 1318 1490 est
1339 1425 1435 1489 corri—

334 1552 414 1617 gere
436 1530 603 1611 „omuibus
633 1529 868 1594 nominibus
896 1534 1058 1594 renovet“'.
1106 1527 1281 1613 Eumolpus
1313 1526 1435 1589 nullam

336 1631 477 1695 mutandi
501 1631 680 1695 testamenti
707 1653 831 1695 eausam
856 1653 920 1694 non
943 1631 1133 1716 interponat.

380 1732 460 1816 Cap.
483 1732 553 1814 126,
579 1733 595 1795 1
629 1730 722 1814 „Quo
748 1732 832 1795 enim
855 1740 1000 1817 spectant
1021 1731 1130 1795 flexae
1151 1731 1279 1816 pectine
1303 1728 1438 1792 comae?

337 1854 401 1917 quo
425 1831 522 1896 facies
545 1831 758 1896 medicamine
782 1831 909 1895 attrita?
945 1841 976 1895 et
998 1831 1164 1896 oculorum
1186 1850 1312 1913 quoque
1333 1827 1439 1893 mollis

339 1930 541 2017 petulantia?
572 1952 635 2015 quo
671 1931 815 1996 incessus
846 1940 912 1995 tute
948 1929 1185 2016 compositris‘l“
1219 1929 1296 1993 Post
1330 1951 1440 1994 vocem

343 2031 545 2113 „oculorum“
568 2032 905 2118 „quoque“pa1tieula
927 2054 1083 2118 perverse
1104 2031 1206 2117 posita
1228 2039 1347 2095 estnec
1360 2029 1439 2094 tole-

338 2132 402 2197 rari
426 2141 532 2217 potest
551 2137 653 2214 „tute“
677 2132 886 2215 adverbium,
914 2133 963 2197 cui
996 2133 1082 2218 quod
1111 2131 1263 2197 Heinsius
1294 2131 1441 2196 substitui

338 2232 440 2298 voluit
469 2233 600 2315 ᾖεοίϊθα,
622 2231 656 2296 id
680 2233 854 2298 sentcntiae
883 2234 1012 2318 quidem
1037 2243 1144 2320 aptum
1167 2243 1233 2314 cst,
1255 2234 1314 2298 scd
1344 2231 1441 2297 velim

339 2333 473 2420 propius
498 2333 632 2399 adcedat
657 2334 897 2420 adscripturus
929 2335 1073 2420 vestigia.
1117 2335 1272 2419 Corrigo:
1297 2342 1347 2416 „et
1368 2353 1439 2397 oeu-

338 2449 445 2512 lorum
480 2455 560 2518 quo
589 2434 695 2498 mollis
722 2435 921 2518 petulantia?
950 2457 1012 2520 quo
1033 2435 1175 2500 incessus
1199 2442 1336 2497 astute
1358 2455 1441 2499 oom-

339 2533 509 2619 positus?“

796 2768 995 2778 m

384 2927 492 3013 Supra
513 2927 649 2993 vidimus
675 2930 846 2994 nonnullos
872 2951 991 2996 coenae
1013 2932 1100 2996 locos
1115 2953 1242 2997 manum
1256 2935 1446 3000 correctoris

341 3049 418 3114 prae
440 3050 476 3092 se
498 3029 595 3108 ferre,
612 3029 665 3112 qui
686 3038 721 3092 ut
745 3029 844 3093 oratio
868 3030 939 3095 sine
963 3032 1141 3096 offensione
1166 3033 1354 3098 decurreret
1372 3024 1466 3097 vers

342 3128 390 3195 bis
415 3129 540 3193 omissis
577 3129 618 3193 ad
648 3128 771 3194 libitum
803 3152 860 3196 sua
888 3133 1049 3196 substituit
1077 3154 1137 3200 nec
1162 3156 1258 3220 posse
1280 3136 1445 3220 pristInam

343 3233 517 3294 verborum
538 3229 679 3316 speeiem
702 3230 770 3295 sine
794 3232 964 3297 meliorum
978 3233 1122 3301 codicum
1134 3236 1285 3301 subsidiis
1306 3259 1446 3322 unquam

343 3329 535 3413 recuperari.
569 3329 666 3408 Quod
690 3353 781 3414 quam
805 3334 944 3400 maxime
967 3334 1000 3399 in
1023 3357 1078 3401 eos
1100 3336 1190 3401 locos
1208 3337 1290 3402 cadit
1311 3358 1444 3423 excerp-

345 3439 450 3492 torum
472 3428 562 3493 libris
587 3429 750 3513 proditos,
775 3455 853 3516 quos
875 3435 939 3498 iam
962 3436 1141 3502 tractandos
1163 3437 1345 3522 adgrediar.
1379 3437 1446 3502 Dc·

344 3537 522 3592 monstrare
555 3526 640 3591 enim
663 3531 802 3594 conabor
839 3535 938 3598 verba
963 3536 1127 3621 scriptoris
1152 3537 1288 3603 subinde
1317 3538 1350 3601 in
1373 3539 1446 3603 brc-

345 3629 469 3693 viorem
493 3629 626 3692 formam
644 3628 769 3694 redacta
786 3652 857 3695 esse
870 3655 908 3696 ae
929 3633 1025 3718 plane
1048 3635 1257 3701 oblitteratam
1271 3639 1445 3723 genuinam

346 3751 540 3794 memoriam.

397 3843 517 3930 Capitis
551 3846 633 3909 sexti
663 3845 751 3909 initio
774 3845 949 3933 Encolpius
977 3858 1145 3934 postquam
1166 3851 1446 3936 Agamemnonem

346 3955 589 4032 praeceptorem
614 3967 740 4011 carmen
766 3947 806 4012 de
839 3970 1014 4033 puerorum
1046 3949 1235 4016 educatione
1261 3951 1447 4017 recitantem

347 4045 467 4110 audivit
486 4047 535 4111 his
553 4048 800 4135 verbispergit:
829 4049 936 4132 „Dum
957 4050 1037 4116 hace
1057 4051 1241 4137 diligentius
1263 4053 1369 4134 audio,
1382 4073 1447 4117 non

347 4147 452 4210 notavi
483 4149 560 4212 mihi
582 4149 708 4234 Ascylti
737 4152 846 4236 fugam
876 4160 908 4216 et
937 4152 1013 4216 dum
1042 4153 1075 4216 iu
1095 4154 1157 4218 hoc
1180 4153 1337 4218 dictorum
1359 4162 1449 4218 aestu

348 4248 381 4311 in
404 4247 505 4313 hortis
527 4249 642 4315 incedo
654 4298 663 4332 ,
696 4251 811 4337 ingens
840 4252 1102 4318 scholasticorum
1125 4257 1218 4321 turba
1237 4256 1269 4318 in
1287 4254 1446 4341 porticum

349 4349 456 4429 venit,
489 4358 523 4412 ut
553 4353 728 4436 apparebat
757 4355 795 4418 ab
833 4354 1044 4440 extemporali
1077 4355 1308 4421 declamatione
1338 4355 1447 4421 nescio

351 4448 448 4529 ouius,
474 4449 526 4532 qui
550 4451 803 4535 Agamemnonis
827 4454 1001 4519 suasoriam
1024 4467 1205 4542 exceperat.
1250 4456 1338 4522 Dum
1367 4477 1448 4542 crgo
