3542 5292
879 540 900 604 6

341 723 458 789 cedunt
480 745 547 810 cap.
571 723 623 802 26,
648 723 668 786 9
690 721 911 805 „Trimalchio
924 773 934 806 ,
958 721 1150 789 lautissimus
1173 721 1268 785 homo
1280 770 1288 801 ,
1310 721 1439 786 horolo-

340 825 428 911 gium
450 825 484 887 in
505 823 641 888 triclinio
673 833 704 888 et
725 825 960 889 buccinatorem
991 824 1120 888 habet.“
1143 846 1172 887 e.
1197 845 1225 907 q.
1249 845 1273 886 s.
1317 821 1385 889 sed
1406 833 1441 888 ut

344 1005 543 1014 ...-—-—..—.-.—.

344 1124 416 1190 „Non
445 1123 558 1174 recessit
584 1128 670 1170 tamen
699 1119 792 1181 miles,
821 1119 866 1169 sed
895 1119 986 1170 eadem
1025 1121 1209 1175 exhortatione
1239 1127 1349 1177 tentavit
1377 1128 1440 1178 dare

341 1212 517 1286 mulierculae
529 1210 627 1272 cibum,
639 1209 726 1259 donec
747 1206 846 1258 ancilla
860 1209 916 1258 vini
936 1215 1009 1258 certe
1028 1209 1060 1260 ab
1072 1210 1120 1261 eo“
1132 1228 1205 1274 -„n
1215 1222 1289 1263 ecta
1300 1214 1373 1265 reo“
1396 1216 1440 1265 iu·

343 1289 458 1368 geniosc
475 1299 592 1350 coniecit
609 1296 686 1348 aas.
698 1295 860 1359 Gronovius,
881 1293 1059 1348 observatio
1081 1301 1205 1365 scriptor·
1227 1301 1324 1352 eccles.
1345 1317 1370 1368 p.
1389 1301 1440 1354 115

342 1417 376 1427 —
394 1389 494 1454 „odore
514 1393 638 1452 corrupta
657 1385 768 1450 primum
796 1385 852 1450 ipsa
874 1385 994 1449 porrexit
1013 1385 1045 1436 ad
1074 1386 1261 1439 humanitatem
1284 1389 1437 1440 invitantis“

341 1477 501 1542 —corrige
521 1471 689 1538 „invitanti“
709 1497 743 1506 —
772 1472 883 1534 „victam
912 1472 1041 1523 manum“.
1087 1474 1172 1524 Verba
1193 1475 1335 1541 depravata
1361 1478 1435 1540 „vini

343 1568 438 1616 certe
474 1561 509 1613 ab
546 1576 585 1612 eo
616 1560 699 1610 odoro
727 1557 867 1624 corrupta“
905 1574 996 1609 ornnes
1024 1563 1076 1611 mei
1108 1570 1292 1628 excerptorum
1326 1565 1435 1615 codices

342 1651 440 1704 habeut
459 1650 604 1716 eademque
623 1649 752 1712 scriptura
773 1663 804 1696 ex
824 1645 894 1696 libro
915 1648 1028 1713 quodam
1055 1650 1216 1713 adnotatur,
1252 1652 1296 1718 qui
1325 1650 1436 1702 Pithoeo

342 1747 446 1808 praesto
466 1745 529 1789 erat.
548 1735 641 1803 Neque
659 1734 804 1786 dissimiles
832 1741 893 1786 sont
917 1736 1111 1802 discrepantiae
1140 1740 1208 1804 apud
1236 1738 1365 1791 loannem
1387 1740 1437 1790 Sa-

342 1827 547 1888 risberienscm‚
574 1825 619 1892 qui
646 1830 724 1874 totam
753 1823 821 1872 banc
847 1821 961 1874 fabulam
993 1824 1024 1875 ad
1053 1824 1134 1876 verba
1169 1827 1328 1892 descriptam
1360 1827 1437 1879 Poli-

344 1918 444 1969 cratico
472 1928 520 1963 suo
548 1911 621 1976 Vlll,
646 1910 679 1962 11
708 1912 828 1962 inscruit.
876 1910 939 1961 Nam
968 1913 996 1962 in
1025 1913 1120 1964 ordine
1152 1914 1292 1965 verborum
1318 1914 1435 1983 legitor:

345 2004 432 2069 „humi
458 2009 557 2053 certum
582 1999 668 2050 babeo
697 1999 816 2064 odore“,
847 2002 874 2051 in
904 2002 1024 2068 margine
1045 2004 1190 2066 „incertum
1216 2002 1302 2054 habeo
1329 2020 1361 2054 an
1383 2005 1438 2055 vini

344 2086 460 2152 odore“,
491 2088 562 2155 quod
584 2086 652 2137 haud
681 2085 763 2137 dubie
791 2091 952 2139 correctoris
983 2105 1073 2140 manus
1105 2089 1215 2141 refinxit.
1267 2091 1322 2142 llec
1353 2094 1440 2142 minus

345 2178 473 2232 arbitratu
494 2192 542 2226 sno
563 2177 618 2243 egit
637 2174 772 2238 librarius,
792 2178 836 2243 qui
857 2178 884 2226 in
907 2178 1002 2229 codice
1024 2178 1136 2244 quodam
1157 2177 1335 2231 Tornaesiano
1360 2180 1441 2232 verba

347 2273 470 2332 corrupta
500 2264 596 2314 omisit.
633 2261 687 2312 lam
719 2263 781 2330 quid
810 2263 883 2314 dices
907 2251 946 2316 ¹de
967 2263 1159 2329 ltourdelotio,
1187 2267 1231 2333 qni
1252 2268 1279 2317 in
1300 2267 1440 2318 codicibus
1503 2253 1509 2264 “

345 2357 400 2406 suis
420 2355 545 2420 scriptum
569 2352 652 2402 fnisse
673 2358 760 2401 narrat
787 2353 857 2415 „vici
878 2351 962 2414 citi“,
996 2353 1067 2404 nnde
1096 2355 1220 2405 emendat
1246 2354 1361 2418 „ancilla
1382 2356 1438 2404 vini

348 2443 459 2512 cibique
476 2440 507 2492 ab
529 2456 561 2491 eo
583 2431 667 2490 odore
687 2438 853 2505 corrupta“?
891 2440 1039 2492 llonstrosa
1054 2442 1176 2508 prolecto
1190 2443 1437 2504 ernendatio,cuius

249 2564 251 2572 ι
345 2533 541 2584 fundamentum
566 2529 617 2596 ipsi
647 2527 819 2580 llonrdelotio
845 2528 963 2580 tribuere
997 2544 1050 2581 non
1079 2529 1232 2593 dubitabis,
1258 2532 1337 2581 modo
1366 2531 1435 2581 alios
1477 2539 1479 2550 ·

347 2621 423 2673 locos
457 2618 489 2671 eb
526 2631 559 2669 eo
593 2624 734 2683 temptatos
764 2618 967 2668 examinaveris.
1015 2617 1124 2668 llultum
1155 2626 1331 2670 exercuerunt
1363 2621 1436 2669 viros

321 2709 458 2770 ¹doctos,
487 2721 556 2775 quae
575 2721 633 2771 cap.
661 2703 727 2768 114,
751 2703 823 2756 4ita
856 2713 981 2771 corrupta
1007 2707 1143 2781 feruntur:
1172 2707 1279 2775 ,ltaque
1308 2705 1436 2757 Hercules

292 2774 301 2789 i
343 2802 481 2863 postquam
499 2795 637 2844 manifesta
656 2791 803 2856 convaluit,
824 2792 908 2858 Lycas
928 2794 1064 2859 trepidans
1083 2796 1173 2845 adme
1192 2796 1301 2860 supinas
1321 2795 1435 2862 porrigit

344 2882 451 2935 manus“
474 2901 496 2935 e.
509 2898 564 2951 q.s.
602 2880 673 2931 llaec
692 2879 783 2943 verba,
803 2896 916 2948 quorum
939 2881 1099 2947 corruptela,
1121 2887 1149 2930 ut
1167 2881 1219 2932 boc
1239 2882 1266 2932 in
1286 2888 1436 2933 transcursu

345 2971 484 3033 moneam,
521 2969 599 3021 latius
630 2975 715 3034 patet,
745 2983 821 3035 quarn
856 2968 973 3019 editores
1002 2969 1144 3032 viderunt,
1181 2985 1239 3019 nam
1267 2970 1344 3020 etiam
1369 2969 1436 3022 illud

345 3057 502 3125 „Hercules“
524 3057 714 3108 removendum
736 3063 783 3120 est,
805 3072 883 3107 nemo
904 3056 991 3107 adbuc
1016 3059 1119 3108 sanavit
1146 3073 1196 3108 nec
1218 3059 1359 3125 quisquam
1379 3059 1437 3108 sine

345 3148 484 3201 meliorum
515 3147 636 3197 codicum
665 3143 766 3196 auxilio
790 3160 902 3212 unquam
928 3151 992 3210 puto
1023 3147 1151 3196 restituet.
1188 3144 1255 3208 Quid
1283 3145 1436 3197 Bourdelo-

343 3236 420 3289 tius?
455 3232 723 3300 „Emendationcm“,
749 3235 855 3300 inquit,
884 3233 979 3297 „buius
1006 3232 1059 3297 loci
1088 3233 1214 3285 debemus
1238 3234 1299 3285 blss.
1333 3232 1436 3286 codd:
1527 3233 1529 3237 ’

344 3324 499 3392 „Postquam
521 3338 582 3388 spes
605 3323 689 3373 omnis
721 3319 864 3373 evolavit“.
903 3318 935 3370 Ut
952 3327 1052 3371 taceam
1072 3322 1105 3373 de
1122 3323 1188 3372 mira
1208 3322 1437 3380 iliadiversitate‚

346 3428 415 3480 quae
439 3413 508 3461 inter·
533 3410 600 3459 banc
624 3410 779 3474 scripturam
806 3414 884 3474 atque
912 3408 1044 3474 vulgatam
1071 3409 1233 3472 intercedit,
1258 3388 1359 3459 timido
1387 3409 1436 3460 illo

345 3509 423 3568 atque
449 3501 556 3563 inepto:
577 3511 652 3563 „spes
673 3497 758 3546 omnis
779 3495 915 3547 evolavit“
935 3497 1005 3547 fraus
1031 3498 1173 3563 perspicue
1192 3504 1305 3547 notatur.
1343 3498 1437 3564 ltaque

343 3591 491 3646 rectissimo
510 3604 589 3638 sensu
612 3587 705 3638 ductus
726 3588 775 3637 ianr
796 3567 887 3638 l'etius
906 3585 1070 3637 Burmannus
1090 3587 1142 3637 hoc
1161 3586 1222 3636 loco
1235 3587 1334 3651 primus
1346 3583 1434 3635 Bonn-

344 3679 437 3732 delotii
457 3678 533 3728 fidem
554 3675 725 3727 addubitavit.
763 3675 846 3727 Unum
867 3678 979 3728 adiciam
995 3678 1077 3744 idque
1091 3676 1331 3728 luculentissimum
1346 3690 1437 3726 exem-

344 3765 425 3832 plum.
463 3761 526 3830 Cap.
546 3760 656 3827 140,14
676 3762 741 3813 hacc
761 3763 923 3831 vulgantur:
945 3764 1082 3828 „Socrates
1108 3765 1216 3815 deorum
1247 3763 1438 3829 bominumque

345 3853 447 3904 iudicio
462 3851 670 3917 sapientissimus
682 3850 794 3917 gloriari
808 3851 925 3903 solebat“
935 3869 958 3904 c.
968 3869 993 3920 q.
1003 3869 1023 3904 s.
1039 3851 1125 3904 Verba
1137 3853 1255 3916 „iudicio
1267 3851 1438 3917 sapientissi-

345 3939 416 3993 mus“
437 3942 464 3992 in
483 3938 575 4001 libris,
599 3946 627 3989 ut
644 3940 762 3990 editores
783 3940 919 4002 referunt,
939 3956 993 3992 non
1013 3938 1118 4003 extant',
1138 3940 1184 3990 sed
1202 3939 1260 3990 sola
1281 3939 1436 3989 coniectura

344 4029 401 4080 lani
420 4028 552 4096 Rutgersii
574 4044 628 4079 var.
643 4027 705 4078 lect.
721 4025 792 4091 Vl,8
810 4030 937 4079 nituntur.
976 4027 1037 4079 Post
1056 4027 1224 4094 Rutgersium
1244 4033 1328 4076 autem
1349 4025 1439 4076 Bour-

346 4116 461 4168 delotius
487 4117 551 4166 mira
571 4116 699 4166 felicitate
719 4132 781 4165 usus
801 4117 893 4167 eadem
918 4115 997 4168 verba
1023 4118 1050 4168 in
1075 4115 1214 4168 codicibus
1233 4116 1288 4164 suis
1308 4115 1437 4180 repperit,

346 4219 412 4271 quos
434 4202 541 4270 Pythiae
562 4204 594 4255 dc
614 4204 723 4254 Socrate
753 4203 889 4254 oraculum
909 4211 1015 4255 secutos
1041 4220 1099 4254 esse
1125 4203 1224 4254 festive
1243 4202 1437 4253 animadvortit.

345 4291 383 4342 En
402 4291 478 4342 libris
502 4299 587 4343 autem
616 4293 735 4344 eiusdem
763 4293 871 4361 generis
898 4293 968 4343 baud
997 4290 1077 4343 dubie
1094 4290 1248 4358 singulares
1268 4290 1329 4342 illas
1349 4290 1438 4354 scrip-

344 4387 418 4431 turae
442 4380 631 4448 discrepantias
655 4383 798 4448 protraxit,
827 4397 893 4449 quas
919 4382 988 4432 intra
1013 4383 1091 4449 posui
1122 4381 1238 4432 diductis
1263 4379 1358 4432 litteris
1390 4392 1439 4427 ex·

343 4482 463 4538 pressas:
482 4484 541 4537 cap.
560 4467 617 4534 4,a
637 4471 743 4537 „pueris
762 4470 875 4522 induunt
894 4469 981 4521 adhuc
1003 4466 1285 4521 innocentibus“.
1305 4481 1364 4532 cap.
1380 4459 1434 4528 7,3
