<?xml version="1.0" encoding="UTF-8"?>
<!DOCTYPE html PUBLIC "-//W3C//DTD XHTML 1.0 Transitional//EN"
    "http://www.w3.org/TR/xhtml1/DTD/xhtml1-transitional.dtd">
<html xmlns="http://www.w3.org/1999/xhtml" xml:lang="en" lang="en">
 <head>
  <title>
</title>
<meta http-equiv="Content-Type" content="text/html;charset=utf-8" />
  <meta name='ocr-system' content='tesseract 3.04.00' />
  <meta name='ocr-capabilities' content='ocr_page ocr_carea ocr_par ocr_line ocrx_word'/>
</head>
<body>
  <div class='ocr_page' id='page_1' title='image "./observationescr00wehlgoog/observationescr00wehlgoog_0013.png"; bbox 0 0 3542 5292; ppageno 0'>
   <div class='ocr_carea' id='block_1_1' title="bbox 900 511 918 576">
    <p class='ocr_par' dir='ltr' id='par_1_1' title="bbox 900 511 918 576">
     <span class='ocr_line' id='line_1_1' title="bbox 900 511 918 576; baseline 0 0"><span class='ocrx_word' id='word_1_1' title='bbox 900 511 918 576; x_wconf 80' lang='lat'><strong>7</strong></span> 
     </span>
    </p>
   </div>
   <div class='ocr_carea' id='block_1_2' title="bbox 356 690 1487 3806">
    <p class='ocr_par' dir='ltr' id='par_1_2' title="bbox 356 690 1454 881">
     <span class='ocr_line' id='line_1_2' title="bbox 359 690 1453 779; baseline -0.005 -19"><span class='ocrx_word' id='word_1_2' title='bbox 359 698 457 761; x_wconf 90' lang='lat' dir='ltr'>multa</span> <span class='ocrx_word' id='word_1_3' title='bbox 477 697 509 759; x_wconf 93' lang='lat' dir='ltr'>in</span> <span class='ocrx_word' id='word_1_4' title='bbox 531 698 590 761; x_wconf 88' lang='lat' dir='ltr'>hac</span> <span class='ocrx_word' id='word_1_5' title='bbox 612 695 787 760; x_wconf 75' lang='lat' dir='ltr'><strong>editionum</strong></span> <span class='ocrx_word' id='word_1_6' title='bbox 812 703 903 779; x_wconf 88' lang='lat' dir='ltr'>parte</span> <span class='ocrx_word' id='word_1_7' title='bbox 925 693 1064 756; x_wconf 89' lang='lat' dir='ltr'>incertae</span> <span class='ocrx_word' id='word_1_8' title='bbox 1076 699 1149 755; x_wconf 88' lang='lat' dir='ltr'>sunt</span> <span class='ocrx_word' id='word_1_9' title='bbox 1163 691 1306 775; x_wconf 89' lang='lat' dir='ltr'>originis,</span> <span class='ocrx_word' id='word_1_10' title='bbox 1325 690 1369 755; x_wconf 88' lang='lat' dir='ltr'>ita</span> <span class='ocrx_word' id='word_1_11' title='bbox 1390 691 1453 754; x_wconf 83' lang='lat' dir='ltr'>t&#39;or-</span> 
     </span>
     <span class='ocr_line' id='line_1_3' title="bbox 356 791 1454 881; baseline -0.006 -19"><span class='ocrx_word' id='word_1_12' title='bbox 356 806 437 862; x_wconf 83' lang='lat' dir='ltr'>tasse</span> <span class='ocrx_word' id='word_1_13' title='bbox 454 821 519 861; x_wconf 91' lang='lat' dir='ltr'>non</span> <span class='ocrx_word' id='word_1_14' title='bbox 531 797 636 862; x_wconf 88' lang='lat' dir='ltr'>omnia</span> <span class='ocrx_word' id='word_1_15' title='bbox 648 818 728 881; x_wconf 90' lang='lat' dir='ltr'>quae</span> <span class='ocrx_word' id='word_1_16' title='bbox 743 804 831 860; x_wconf 86' lang='lat' dir='ltr'>recte</span> <span class='ocrx_word' id='word_1_17' title='bbox 853 818 889 858; x_wconf 91' lang='lat' dir='ltr'>se</span> <span class='ocrx_word' id='word_1_18' title='bbox 902 796 1030 875; x_wconf 90' lang='lat' dir='ltr'>babent,</span> <span class='ocrx_word' id='word_1_19' title='bbox 1040 793 1193 857; x_wconf 90' lang='lat' dir='ltr'>librorum</span> <span class='ocrx_word' id='word_1_20' title='bbox 1214 791 1280 855; x_wconf 91' lang='lat' dir='ltr'>fide</span> <span class='ocrx_word' id='word_1_21' title='bbox 1303 791 1454 856; x_wconf 86' lang='lat' dir='ltr'>nituntur.</span> 
     </span>
    </p>

    <p class='ocr_par' dir='ltr' id='par_1_3' title="bbox 357 892 1456 2174">
     <span class='ocr_line' id='line_1_4' title="bbox 401 892 1454 983; baseline -0.006 -21"><span class='ocrx_word' id='word_1_22' title='bbox 401 899 546 962; x_wconf 81' lang='lat' dir='ltr'>Vidimus</span> <span class='ocrx_word' id='word_1_23' title='bbox 571 898 685 983; x_wconf 84' lang='lat' dir='ltr'>igitur,</span> <span class='ocrx_word' id='word_1_24' title='bbox 710 897 818 961; x_wconf 89' lang='lat' dir='ltr'>exeis</span> <span class='ocrx_word' id='word_1_25' title='bbox 844 895 956 974; x_wconf 90' lang='lat' dir='ltr'>libris,</span> <span class='ocrx_word' id='word_1_26' title='bbox 981 893 1094 977; x_wconf 88' lang='lat' dir='ltr'>quibus</span> <span class='ocrx_word' id='word_1_27' title='bbox 1116 892 1290 978; x_wconf 85' lang='lat' dir='ltr'>particulae</span> <span class='ocrx_word' id='word_1_28' title='bbox 1311 892 1386 956; x_wconf 89' lang='lat' dir='ltr'>illae</span> <span class='ocrx_word' id='word_1_29' title='bbox 1413 914 1454 956; x_wconf 91' lang='lat' dir='ltr'>ex</span> 
     </span>
     <span class='ocr_line' id='line_1_5' title="bbox 360 992 1454 1085; baseline -0.012 -17"><span class='ocrx_word' id='word_1_30' title='bbox 360 1021 457 1068; x_wconf 89' lang='lat' dir='ltr'>coena</span> <span class='ocrx_word' id='word_1_31' title='bbox 482 1001 668 1085; x_wconf 85' lang='lat' dir='ltr'>desumptae</span> <span class='ocrx_word' id='word_1_32' title='bbox 700 998 910 1077; x_wconf 88' lang='lat' dir='ltr'>eontinentur,</span> <span class='ocrx_word' id='word_1_33' title='bbox 934 996 960 1059; x_wconf 90' lang='lat' dir='ltr'>si</span> <span class='ocrx_word' id='word_1_34' title='bbox 981 1018 1084 1081; x_wconf 89' lang='lat' dir='ltr'>pauca</span> <span class='ocrx_word' id='word_1_35' title='bbox 1105 993 1272 1078; x_wconf 83' lang='lat' dir='ltr'>exceperis</span> <span class='ocrx_word' id='word_1_36' title='bbox 1303 992 1382 1057; x_wconf 89' lang='lat' dir='ltr'>nihil</span> <span class='ocrx_word' id='word_1_37' title='bbox 1413 993 1454 1056; x_wconf 91' lang='lat' dir='ltr'>ad</span> 
     </span>
     <span class='ocr_line' id='line_1_6' title="bbox 360 1094 1453 1177; baseline -0.009 -9"><span class='ocrx_word' id='word_1_38' title='bbox 360 1125 477 1168; x_wconf 88' lang='lat' dir='ltr'>coenae</span> <span class='ocrx_word' id='word_1_39' title='bbox 500 1101 754 1166; x_wconf 82' lang='lat' dir='ltr'>emendationem</span> <span class='ocrx_word' id='word_1_40' title='bbox 776 1098 959 1163; x_wconf 83' lang='lat' dir='ltr'>redundare</span> <span class='ocrx_word' id='word_1_41' title='bbox 967 1146 976 1177; x_wconf 91' lang='lat'>,</span> <span class='ocrx_word' id='word_1_42' title='bbox 1006 1097 1048 1160; x_wconf 88' lang='lat' dir='ltr'>ita</span> <span class='ocrx_word' id='word_1_43' title='bbox 1068 1105 1103 1158; x_wconf 88' lang='lat' dir='ltr'>ut</span> <span class='ocrx_word' id='word_1_44' title='bbox 1123 1095 1228 1159; x_wconf 89' lang='lat' dir='ltr'>solum</span> <span class='ocrx_word' id='word_1_45' title='bbox 1250 1094 1317 1158; x_wconf 92' lang='lat' dir='ltr'>eius</span> <span class='ocrx_word' id='word_1_46' title='bbox 1341 1095 1453 1158; x_wconf 91' lang='lat' dir='ltr'>funda·</span> 
     </span>
     <span class='ocr_line' id='line_1_7' title="bbox 359 1193 1454 1286; baseline -0.008 -19"><span class='ocrx_word' id='word_1_47' title='bbox 359 1213 499 1267; x_wconf 91' lang='lat' dir='ltr'>mentum</span> <span class='ocrx_word' id='word_1_48' title='bbox 520 1201 731 1286; x_wconf 88' lang='lat' dir='ltr'>repetendum</span> <span class='ocrx_word' id='word_1_49' title='bbox 754 1199 833 1262; x_wconf 89' lang='lat' dir='ltr'>site</span> <span class='ocrx_word' id='word_1_50' title='bbox 866 1197 974 1262; x_wconf 88' lang='lat' dir='ltr'>codice</span> <span class='ocrx_word' id='word_1_51' title='bbox 999 1195 1210 1281; x_wconf 86' lang='lat' dir='ltr'>Traguriano.</span> <span class='ocrx_word' id='word_1_52' title='bbox 1266 1193 1331 1274; x_wconf 82' lang='lat' dir='ltr'>Qui</span> <span class='ocrx_word' id='word_1_53' title='bbox 1362 1217 1454 1280; x_wconf 89' lang='lat' dir='ltr'>quam</span> 
     </span>
     <span class='ocr_line' id='line_1_8' title="bbox 358 1296 1453 1388; baseline -0.009 -20"><span class='ocrx_word' id='word_1_54' title='bbox 358 1305 500 1388; x_wconf 88' lang='lat' dir='ltr'>graviter</span> <span class='ocrx_word' id='word_1_55' title='bbox 535 1312 715 1384; x_wconf 89' lang='lat' dir='ltr'>temporum</span> <span class='ocrx_word' id='word_1_56' title='bbox 746 1299 876 1363; x_wconf 89' lang='lat' dir='ltr'>iniurias</span> <span class='ocrx_word' id='word_1_57' title='bbox 917 1307 1069 1383; x_wconf 88' lang='lat' dir='ltr'>expertus</span> <span class='ocrx_word' id='word_1_58' title='bbox 1092 1296 1132 1360; x_wconf 92' lang='lat' dir='ltr'>sit</span> <span class='ocrx_word' id='word_1_59' title='bbox 1163 1296 1225 1361; x_wconf 92' lang='lat' dir='ltr'>hoc</span> <span class='ocrx_word' id='word_1_60' title='bbox 1257 1296 1328 1360; x_wconf 92' lang='lat' dir='ltr'>loco</span> <span class='ocrx_word' id='word_1_61' title='bbox 1349 1296 1453 1359; x_wconf 91' lang='lat' dir='ltr'>multis</span> 
     </span>
     <span class='ocr_line' id='line_1_9' title="bbox 360 1396 1454 1490; baseline -0.008 -20"><span class='ocrx_word' id='word_1_62' title='bbox 360 1425 526 1490; x_wconf 82' lang='lat' dir='ltr'>exponere</span> <span class='ocrx_word' id='word_1_63' title='bbox 557 1402 643 1467; x_wconf 86' lang='lat' dir='ltr'>nole.</span> <span class='ocrx_word' id='word_1_64' title='bbox 697 1400 823 1464; x_wconf 82' lang='lat' dir='ltr'>Etenim</span> <span class='ocrx_word' id='word_1_65' title='bbox 855 1423 927 1464; x_wconf 90' lang='lat' dir='ltr'>eum</span> <span class='ocrx_word' id='word_1_66' title='bbox 955 1407 1098 1464; x_wconf 88' lang='lat' dir='ltr'>accurata</span> <span class='ocrx_word' id='word_1_67' title='bbox 1135 1397 1252 1463; x_wconf 88' lang='lat' dir='ltr'>codicis</span> <span class='ocrx_word' id='word_1_68' title='bbox 1283 1396 1454 1482; x_wconf 84' lang='lat' dir='ltr'>descriptio</span> 
     </span>
     <span class='ocr_line' id='line_1_10' title="bbox 359 1496 1456 1582; baseline -0.007 -15"><span class='ocrx_word' id='word_1_69' title='bbox 359 1529 377 1567; x_wconf 89' lang='lat' dir='ltr'>a</span> <span class='ocrx_word' id='word_1_70' title='bbox 408 1503 541 1569; x_wconf 89' lang='lat' dir='ltr'>consilio</span> <span class='ocrx_word' id='word_1_71' title='bbox 572 1503 664 1567; x_wconf 92' lang='lat' dir='ltr'>huius</span> <span class='ocrx_word' id='word_1_72' title='bbox 688 1501 790 1566; x_wconf 89' lang='lat' dir='ltr'>libelli</span> <span class='ocrx_word' id='word_1_73' title='bbox 812 1500 917 1564; x_wconf 90' lang='lat' dir='ltr'>aliena</span> <span class='ocrx_word' id='word_1_74' title='bbox 938 1499 1000 1581; x_wconf 89' lang='lat' dir='ltr'>sit,</span> <span class='ocrx_word' id='word_1_75' title='bbox 1036 1521 1073 1562; x_wconf 87' lang='lat' dir='ltr'>ea</span> <span class='ocrx_word' id='word_1_76' title='bbox 1095 1507 1213 1561; x_wconf 91' lang='lat' dir='ltr'>tantum</span> <span class='ocrx_word' id='word_1_77' title='bbox 1238 1496 1308 1560; x_wconf 90' lang='lat' dir='ltr'>data</span> <span class='ocrx_word' id='word_1_78' title='bbox 1340 1519 1456 1582; x_wconf 91' lang='lat' dir='ltr'>oppor-</span> 
     </span>
     <span class='ocr_line' id='line_1_11' title="bbox 358 1599 1455 1686; baseline -0.005 -18"><span class='ocrx_word' id='word_1_79' title='bbox 358 1606 488 1682; x_wconf 88' lang='lat' dir='ltr'>tunitate</span> <span class='ocrx_word' id='word_1_80' title='bbox 522 1604 702 1684; x_wconf 84' lang='lat' dir='ltr'>adnotabo,</span> <span class='ocrx_word' id='word_1_81' title='bbox 736 1623 816 1686; x_wconf 91' lang='lat' dir='ltr'>quae</span> <span class='ocrx_word' id='word_1_82' title='bbox 849 1602 890 1664; x_wconf 92' lang='lat' dir='ltr'>ad</span> <span class='ocrx_word' id='word_1_83' title='bbox 921 1599 1158 1664; x_wconf 83' lang='lat' dir='ltr'>emendationes</span> <span class='ocrx_word' id='word_1_84' title='bbox 1192 1606 1334 1684; x_wconf 88' lang='lat' dir='ltr'>spectant</span> <span class='ocrx_word' id='word_1_85' title='bbox 1362 1619 1455 1662; x_wconf 91' lang='lat' dir='ltr'>ame</span> 
     </span>
     <span class='ocr_line' id='line_1_12' title="bbox 364 1697 1455 1792; baseline -0.006 -23"><span class='ocrx_word' id='word_1_86' title='bbox 364 1706 552 1792; x_wconf 89' lang='lat' dir='ltr'>propositas.</span> <span class='ocrx_word' id='word_1_87' title='bbox 607 1703 647 1768; x_wconf 93' lang='lat' dir='ltr'>Ut</span> <span class='ocrx_word' id='word_1_88' title='bbox 673 1725 749 1767; x_wconf 88' lang='lat' dir='ltr'>vero</span> <span class='ocrx_word' id='word_1_89' title='bbox 778 1702 886 1788; x_wconf 86' lang='lat' dir='ltr'>paucis</span> <span class='ocrx_word' id='word_1_90' title='bbox 918 1724 1025 1765; x_wconf 90' lang='lat' dir='ltr'>meum</span> <span class='ocrx_word' id='word_1_91' title='bbox 1065 1700 1105 1764; x_wconf 89' lang='lat' dir='ltr'>de</span> <span class='ocrx_word' id='word_1_92' title='bbox 1135 1698 1245 1762; x_wconf 92' lang='lat' dir='ltr'>indole</span> <span class='ocrx_word' id='word_1_93' title='bbox 1279 1698 1345 1762; x_wconf 89' lang='lat' dir='ltr'>eius</span> <span class='ocrx_word' id='word_1_94' title='bbox 1376 1697 1455 1785; x_wconf 85' lang='lat' dir='ltr'>iudi-</span> 
     </span>
     <span class='ocr_line' id='line_1_13' title="bbox 361 1799 1453 1892; baseline -0.008 -21"><span class='ocrx_word' id='word_1_95' title='bbox 361 1806 443 1871; x_wconf 89' lang='lat' dir='ltr'>cium</span> <span class='ocrx_word' id='word_1_96' title='bbox 468 1806 669 1892; x_wconf 88' lang='lat' dir='ltr'>complectar,</span> <span class='ocrx_word' id='word_1_97' title='bbox 690 1830 708 1868; x_wconf 87' lang='lat' dir='ltr'>a</span> <span class='ocrx_word' id='word_1_98' title='bbox 729 1804 855 1889; x_wconf 90' lang='lat' dir='ltr'>stupido</span> <span class='ocrx_word' id='word_1_99' title='bbox 876 1803 1006 1867; x_wconf 89' lang='lat' dir='ltr'>librario</span> <span class='ocrx_word' id='word_1_100' title='bbox 1031 1824 1073 1866; x_wconf 89' lang='lat' dir='ltr'>ex</span> <span class='ocrx_word' id='word_1_101' title='bbox 1093 1800 1176 1865; x_wconf 91' lang='lat' dir='ltr'>libro</span> <span class='ocrx_word' id='word_1_102' title='bbox 1198 1801 1260 1863; x_wconf 88' lang='lat' dir='ltr'>iam</span> <span class='ocrx_word' id='word_1_103' title='bbox 1281 1799 1453 1864; x_wconf 82' lang='lat' dir='ltr'>admodum</span> 
     </span>
     <span class='ocr_line' id='line_1_14' title="bbox 359 1900 1453 1990; baseline -0.005 -20"><span class='ocrx_word' id='word_1_104' title='bbox 359 1916 505 1990; x_wconf 89' lang='lat' dir='ltr'>corrupto</span> <span class='ocrx_word' id='word_1_105' title='bbox 538 1905 824 1989; x_wconf 79' lang='lat' dir='ltr'>neglegentissime</span> <span class='ocrx_word' id='word_1_106' title='bbox 855 1903 1033 1986; x_wconf 89' lang='lat' dir='ltr'>descriptus</span> <span class='ocrx_word' id='word_1_107' title='bbox 1067 1911 1113 1966; x_wconf 86' lang='lat' dir='ltr'>est</span> <span class='ocrx_word' id='word_1_108' title='bbox 1145 1923 1205 1965; x_wconf 94' lang='lat' dir='ltr'>nec</span> <span class='ocrx_word' id='word_1_109' title='bbox 1235 1900 1301 1965; x_wconf 92' lang='lat' dir='ltr'>ulla</span> <span class='ocrx_word' id='word_1_110' title='bbox 1323 1904 1453 1985; x_wconf 87' lang='lat' dir='ltr'>corrup·</span> 
     </span>
     <span class='ocr_line' id='line_1_15' title="bbox 359 1999 1454 2090; baseline -0.007 -20"><span class='ocrx_word' id='word_1_111' title='bbox 359 2008 494 2072; x_wconf 89' lang='lat' dir='ltr'>telarum</span> <span class='ocrx_word' id='word_1_112' title='bbox 529 2027 650 2090; x_wconf 90' lang='lat' dir='ltr'>genera</span> <span class='ocrx_word' id='word_1_113' title='bbox 689 2028 753 2069; x_wconf 91' lang='lat' dir='ltr'>non</span> <span class='ocrx_word' id='word_1_114' title='bbox 787 2005 902 2084; x_wconf 92' lang='lat' dir='ltr'>habet,</span> <span class='ocrx_word' id='word_1_115' title='bbox 936 2025 1017 2088; x_wconf 91' lang='lat' dir='ltr'>quae</span> <span class='ocrx_word' id='word_1_116' title='bbox 1044 2003 1149 2086; x_wconf 78' lang='lat' dir='ltr'>solent</span> <span class='ocrx_word' id='word_1_117' title='bbox 1174 2000 1305 2065; x_wconf 80' lang='lat' dir='ltr'>noviciis</span> <span class='ocrx_word' id='word_1_118' title='bbox 1339 1999 1454 2064; x_wconf 88' lang='lat' dir='ltr'>codici-</span> 
     </span>
     <span class='ocr_line' id='line_1_16' title="bbox 357 2103 1288 2174; baseline -0.01 0"><span class='ocrx_word' id='word_1_119' title='bbox 357 2110 416 2174; x_wconf 91' lang='lat' dir='ltr'>bus</span> <span class='ocrx_word' id='word_1_120' title='bbox 438 2107 555 2171; x_wconf 88' lang='lat' dir='ltr'>inesse.</span> <span class='ocrx_word' id='word_1_121' title='bbox 1285 2103 1288 2108; x_wconf 80' lang='grc'><strong>’</strong></span> 
     </span>
    </p>

    <p class='ocr_par' dir='ltr' id='par_1_4' title="bbox 357 2200 1487 3806">
     <span class='ocr_line' id='line_1_17' title="bbox 399 2200 1487 2292; baseline -0.006 -19"><span class='ocrx_word' id='word_1_122' title='bbox 399 2208 511 2273; x_wconf 84' lang='lat' dir='ltr'>Restat</span> <span class='ocrx_word' id='word_1_123' title='bbox 530 2217 565 2270; x_wconf 93' lang='lat' dir='ltr'>ut</span> <span class='ocrx_word' id='word_1_124' title='bbox 587 2206 628 2270; x_wconf 90' lang='lat' dir='ltr'>de</span> <span class='ocrx_word' id='word_1_125' title='bbox 651 2206 758 2272; x_wconf 91' lang='lat' dir='ltr'>critico</span> <span class='ocrx_word' id='word_1_126' title='bbox 783 2207 921 2292; x_wconf 90' lang='lat' dir='ltr'>quodam</span> <span class='ocrx_word' id='word_1_127' title='bbox 944 2207 1151 2270; x_wconf 90' lang='lat' dir='ltr'>instrumento</span> <span class='ocrx_word' id='word_1_128' title='bbox 1175 2202 1342 2290; x_wconf 82' lang='lat' dir='ltr'>exponam,</span> <span class='ocrx_word' id='word_1_129' title='bbox 1368 2203 1455 2288; x_wconf 89' lang='lat' dir='ltr'>quod</span> <span class='ocrx_word' id='word_1_130' title='bbox 1485 2200 1487 2203; x_wconf 65' lang='grc'><strong>’</strong></span> 
     </span>
     <span class='ocr_line' id='line_1_18' title="bbox 357 2302 1455 2392; baseline -0.006 -20"><span class='ocrx_word' id='word_1_131' title='bbox 357 2310 484 2372; x_wconf 88' lang='lat' dir='ltr'>nomine</span> <span class='ocrx_word' id='word_1_132' title='bbox 506 2309 772 2372; x_wconf 80' lang='lat' dir='ltr'>ferturvcteris</span> <span class='ocrx_word' id='word_1_133' title='bbox 795 2307 1004 2392; x_wconf 81' lang='lat' dir='ltr'>glossarii</span> <span class='ocrx_word' id='word_1_134' title='bbox 1027 2303 1296 2383; x_wconf 81' lang='lat' dir='ltr'>Petroniani3</span> <span class='ocrx_word' id='word_1_135' title='bbox 1320 2302 1455 2388; x_wconf 89' lang='lat' dir='ltr'>adtingit</span> 
     </span>
     <span class='ocr_line' id='line_1_19' title="bbox 359 2405 1454 2494; baseline -0.001 -22"><span class='ocrx_word' id='word_1_136' title='bbox 359 2409 443 2472; x_wconf 91' lang='lat' dir='ltr'>enim</span> <span class='ocrx_word' id='word_1_137' title='bbox 474 2409 555 2472; x_wconf 91' lang='lat' dir='ltr'>inter</span> <span class='ocrx_word' id='word_1_138' title='bbox 590 2409 650 2474; x_wconf 88' lang='lat' dir='ltr'>alia</span> <span class='ocrx_word' id='word_1_139' title='bbox 680 2411 878 2494; x_wconf 87' lang='lat' dir='ltr'>fragmenta,</span> <span class='ocrx_word' id='word_1_140' title='bbox 912 2432 993 2494; x_wconf 86' lang='lat' dir='ltr'>quae</span> <span class='ocrx_word' id='word_1_141' title='bbox 1020 2409 1119 2473; x_wconf 87' lang='lat' dir='ltr'>relata</span> <span class='ocrx_word' id='word_1_142' title='bbox 1150 2407 1275 2471; x_wconf 89' lang='lat' dir='ltr'>suntin</span> <span class='ocrx_word' id='word_1_143' title='bbox 1298 2405 1454 2471; x_wconf 89' lang='lat' dir='ltr'>editiones</span> 
     </span>
     <span class='ocr_line' id='line_1_20' title="bbox 360 2506 1455 2596; baseline -0.003 -23"><span class='ocrx_word' id='word_1_144' title='bbox 360 2517 431 2573; x_wconf 90' lang='lat' dir='ltr'>ante</span> <span class='ocrx_word' id='word_1_145' title='bbox 452 2519 613 2596; x_wconf 85' lang='lat' dir='ltr'>repertum</span> <span class='ocrx_word' id='word_1_146' title='bbox 626 2509 858 2595; x_wconf 83' lang='lat' dir='ltr'>Tragurianum</span> <span class='ocrx_word' id='word_1_147' title='bbox 878 2511 1008 2575; x_wconf 90' lang='lat' dir='ltr'>emissas</span> <span class='ocrx_word' id='word_1_148' title='bbox 1030 2509 1123 2573; x_wconf 88' lang='lat' dir='ltr'>etiam</span> <span class='ocrx_word' id='word_1_149' title='bbox 1142 2508 1254 2572; x_wconf 91' lang='lat' dir='ltr'>decem</span> <span class='ocrx_word' id='word_1_150' title='bbox 1269 2506 1324 2570; x_wconf 93' lang='lat' dir='ltr'>illa</span> <span class='ocrx_word' id='word_1_151' title='bbox 1336 2528 1455 2571; x_wconf 90' lang='lat' dir='ltr'>coenae</span> 
     </span>
     <span class='ocr_line' id='line_1_21' title="bbox 361 2604 1453 2696; baseline -0.005 -23"><span class='ocrx_word' id='word_1_152' title='bbox 361 2610 476 2694; x_wconf 88' lang='lat' dir='ltr'>capita,</span> <span class='ocrx_word' id='word_1_153' title='bbox 501 2610 541 2674; x_wconf 89' lang='lat' dir='ltr'>de</span> <span class='ocrx_word' id='word_1_154' title='bbox 565 2611 677 2694; x_wconf 88' lang='lat' dir='ltr'>quibus</span> <span class='ocrx_word' id='word_1_155' title='bbox 700 2612 796 2674; x_wconf 90' lang='lat' dir='ltr'>modo</span> <span class='ocrx_word' id='word_1_156' title='bbox 822 2612 971 2676; x_wconf 86' lang='lat' dir='ltr'>disserui.</span> <span class='ocrx_word' id='word_1_157' title='bbox 1016 2612 1067 2675; x_wconf 89' lang='lat' dir='ltr'>Ae</span> <span class='ocrx_word' id='word_1_158' title='bbox 1094 2609 1231 2696; x_wconf 89' lang='lat' dir='ltr'>primum</span> <span class='ocrx_word' id='word_1_159' title='bbox 1262 2608 1392 2694; x_wconf 90' lang='lat' dir='ltr'>quidem</span> <span class='ocrx_word' id='word_1_160' title='bbox 1421 2604 1453 2668; x_wconf 92' lang='lat' dir='ltr'>in</span> 
     </span>
     <span class='ocr_line' id='line_1_22' title="bbox 359 2705 1454 2794; baseline -0.005 -21"><span class='ocrx_word' id='word_1_161' title='bbox 359 2710 420 2774; x_wconf 89' lang='lat' dir='ltr'>hoe</span> <span class='ocrx_word' id='word_1_162' title='bbox 442 2708 632 2794; x_wconf 85' lang='lat' dir='ltr'>glossarium</span> <span class='ocrx_word' id='word_1_163' title='bbox 663 2711 762 2774; x_wconf 87' lang='lat' dir='ltr'>incidi</span> <span class='ocrx_word' id='word_1_164' title='bbox 794 2712 827 2774; x_wconf 92' lang='lat' dir='ltr'>in</span> <span class='ocrx_word' id='word_1_165' title='bbox 863 2721 951 2775; x_wconf 87' lang='lat' dir='ltr'>vasta</span> <span class='ocrx_word' id='word_1_166' title='bbox 984 2710 1200 2775; x_wconf 89' lang='lat' dir='ltr'>commentarii</span> <span class='ocrx_word' id='word_1_167' title='bbox 1228 2705 1454 2774; x_wconf 90' lang='lat' dir='ltr'>Burmanniani</span> 
     </span>
     <span class='ocr_line' id='line_1_23' title="bbox 360 2808 1453 2896; baseline -0.002 -24"><span class='ocrx_word' id='word_1_168' title='bbox 360 2810 530 2894; x_wconf 88' lang='lat' dir='ltr'>farragine,</span> <span class='ocrx_word' id='word_1_169' title='bbox 552 2812 606 2875; x_wconf 92' lang='lat' dir='ltr'>ubi</span> <span class='ocrx_word' id='word_1_170' title='bbox 630 2812 719 2896; x_wconf 88' lang='lat' dir='ltr'>quasi</span> <span class='ocrx_word' id='word_1_171' title='bbox 739 2832 880 2876; x_wconf 87' lang='lat' dir='ltr'>summae</span> <span class='ocrx_word' id='word_1_172' title='bbox 910 2812 950 2875; x_wconf 93' lang='lat' dir='ltr'>sit</span> <span class='ocrx_word' id='word_1_173' title='bbox 972 2811 1164 2877; x_wconf 88' lang='lat' dir='ltr'>auctoritatis</span> <span class='ocrx_word' id='word_1_174' title='bbox 1190 2811 1273 2873; x_wconf 90' lang='lat' dir='ltr'>inter</span> <span class='ocrx_word' id='word_1_175' title='bbox 1296 2808 1453 2873; x_wconf 89' lang='lat' dir='ltr'>editorum</span> 
     </span>
     <span class='ocr_line' id='line_1_24' title="bbox 360 2909 1455 2998; baseline -0.002 -24"><span class='ocrx_word' id='word_1_176' title='bbox 360 2910 557 2995; x_wconf 90' lang='lat' dir='ltr'>aliorumque</span> <span class='ocrx_word' id='word_1_177' title='bbox 581 2911 799 2975; x_wconf 83' lang='lat' dir='ltr'>adnotationes</span> <span class='ocrx_word' id='word_1_178' title='bbox 820 2913 924 2996; x_wconf 89' lang='lat' dir='ltr'>primo</span> <span class='ocrx_word' id='word_1_179' title='bbox 951 2914 1021 2976; x_wconf 91' lang='lat' dir='ltr'>loco</span> <span class='ocrx_word' id='word_1_180' title='bbox 1045 2911 1183 2998; x_wconf 88' lang='lat' dir='ltr'>ponitur.</span> <span class='ocrx_word' id='word_1_181' title='bbox 1238 2909 1349 2974; x_wconf 87' lang='lat' dir='ltr'>Talem</span> <span class='ocrx_word' id='word_1_182' title='bbox 1377 2930 1455 2972; x_wconf 88' lang='lat' dir='ltr'>vero</span> 
     </span>
     <span class='ocr_line' id='line_1_25' title="bbox 359 3009 1452 3091; baseline -0.002 -16"><span class='ocrx_word' id='word_1_183' title='bbox 359 3011 575 3076; x_wconf 67' lang='lat' dir='ltr'>alletoritatem</span> <span class='ocrx_word' id='word_1_184' title='bbox 600 3013 726 3079; x_wconf 87' lang='lat' dir='ltr'>disertis</span> <span class='ocrx_word' id='word_1_185' title='bbox 757 3014 863 3080; x_wconf 88' lang='lat' dir='ltr'>verbis</span> <span class='ocrx_word' id='word_1_186' title='bbox 890 3015 937 3077; x_wconf 93' lang='lat' dir='ltr'>illi</span> <span class='ocrx_word' id='word_1_187' title='bbox 968 3013 1106 3078; x_wconf 87' lang='lat' dir='ltr'>vindicat</span> <span class='ocrx_word' id='word_1_188' title='bbox 1135 3009 1295 3091; x_wconf 73' lang='lat' dir='ltr'>OrelliuS,</span> <span class='ocrx_word' id='word_1_189' title='bbox 1327 3010 1452 3075; x_wconf 88' lang='lat' dir='ltr'>lection.</span> 
     </span>
     <span class='ocr_line' id='line_1_26' title="bbox 360 3111 1454 3201; baseline -0.005 -23"><span class='ocrx_word' id='word_1_190' title='bbox 360 3115 486 3179; x_wconf 90' lang='lat' dir='ltr'>Petron.</span> <span class='ocrx_word' id='word_1_191' title='bbox 522 3138 554 3201; x_wconf 87' lang='lat' dir='ltr'>p.</span> <span class='ocrx_word' id='word_1_192' title='bbox 587 3116 624 3179; x_wconf 80' lang='lat'>17</span> <span class='ocrx_word' id='word_1_193' title='bbox 639 3165 647 3196; x_wconf 97' lang='lat'>,</span> <span class='ocrx_word' id='word_1_194' title='bbox 684 3116 733 3180; x_wconf 92' lang='lat' dir='ltr'>cui</span> <span class='ocrx_word' id='word_1_195' title='bbox 768 3138 838 3179; x_wconf 89' lang='lat' dir='ltr'>eum</span> <span class='ocrx_word' id='word_1_196' title='bbox 870 3115 1048 3180; x_wconf 87' lang='lat' dir='ltr'>coniectura</span> <span class='ocrx_word' id='word_1_197' title='bbox 1089 3115 1242 3198; x_wconf 90' lang='lat' dir='ltr'>quaedam</span> <span class='ocrx_word' id='word_1_198' title='bbox 1277 3111 1454 3197; x_wconf 87' lang='lat' dir='ltr'>Verburgii</span> 
     </span>
     <span class='ocr_line' id='line_1_27' title="bbox 359 3213 1452 3302; baseline -0.003 -24"><span class='ocrx_word' id='word_1_199' title='bbox 359 3216 462 3302; x_wconf 89' lang='lat' dir='ltr'>primo</span> <span class='ocrx_word' id='word_1_200' title='bbox 486 3219 595 3281; x_wconf 88' lang='lat' dir='ltr'>obtutu</span> <span class='ocrx_word' id='word_1_201' title='bbox 618 3216 703 3280; x_wconf 90' lang='lat' dir='ltr'>haud</span> <span class='ocrx_word' id='word_1_202' title='bbox 728 3217 952 3302; x_wconf 82' lang='lat' dir='ltr'>displicuisset,</span> <span class='ocrx_word' id='word_1_203' title='bbox 975 3238 1052 3280; x_wconf 90' lang='lat' dir='ltr'>mox</span> <span class='ocrx_word' id='word_1_204' title='bbox 1072 3216 1200 3300; x_wconf 81' lang='lat' dir='ltr'>glossae</span> <span class='ocrx_word' id='word_1_205' title='bbox 1218 3215 1246 3279; x_wconf 95' lang='lat' dir='ltr'>ei</span> <span class='ocrx_word' id='word_1_206' title='bbox 1269 3213 1452 3299; x_wconf 90' lang='lat' dir='ltr'>scrupulum</span> 
     </span>
     <span class='ocr_line' id='line_1_28' title="bbox 360 3313 1453 3402; baseline -0.002 -23"><span class='ocrx_word' id='word_1_207' title='bbox 360 3327 536 3380; x_wconf 84' lang='lat' dir='ltr'>moverunt.</span> <span class='ocrx_word' id='word_1_208' title='bbox 581 3314 774 3399; x_wconf 81' lang='lat' dir='ltr'>,‚Obstant“,</span> <span class='ocrx_word' id='word_1_209' title='bbox 796 3317 906 3402; x_wconf 89' lang='lat' dir='ltr'>inquit,</span> <span class='ocrx_word' id='word_1_210' title='bbox 928 3317 1101 3402; x_wconf 89' lang='lat' dir='ltr'>„glossae,</span> <span class='ocrx_word' id='word_1_211' title='bbox 1127 3339 1257 3402; x_wconf 90' lang='lat' dir='ltr'>quarum</span> <span class='ocrx_word' id='word_1_212' title='bbox 1281 3339 1351 3380; x_wconf 92' lang='lat' dir='ltr'>cum</span> <span class='ocrx_word' id='word_1_213' title='bbox 1379 3313 1453 3378; x_wconf 88' lang='lat' dir='ltr'>satis</span> 
     </span>
     <span class='ocr_line' id='line_1_29' title="bbox 359 3415 1454 3501; baseline -0.002 -22"><span class='ocrx_word' id='word_1_214' title='bbox 359 3416 504 3501; x_wconf 88' lang='lat' dir='ltr'>antiquae</span> <span class='ocrx_word' id='word_1_215' title='bbox 537 3416 614 3498; x_wconf 88' lang='lat' dir='ltr'>sint,</span> <span class='ocrx_word' id='word_1_216' title='bbox 645 3441 767 3482; x_wconf 90' lang='lat' dir='ltr'>summa</span> <span class='ocrx_word' id='word_1_217' title='bbox 798 3419 831 3481; x_wconf 91' lang='lat' dir='ltr'>in</span> <span class='ocrx_word' id='word_1_218' title='bbox 859 3417 1000 3484; x_wconf 89' lang='lat' dir='ltr'>Petronii</span> <span class='ocrx_word' id='word_1_219' title='bbox 1030 3416 1134 3500; x_wconf 72' lang='grc' dir='ltr'><strong><em>κρίσει</em></strong></span> <span class='ocrx_word' id='word_1_220' title='bbox 1162 3425 1209 3480; x_wconf 88' lang='lat' dir='ltr'>est</span> <span class='ocrx_word' id='word_1_221' title='bbox 1253 3415 1454 3479; x_wconf 82' lang='lat' dir='ltr'>auctoritas.“</span> 
     </span>
     <span class='ocr_line' id='line_1_30' title="bbox 360 3516 1454 3604; baseline 0.003 -25"><span class='ocrx_word' id='word_1_222' title='bbox 360 3516 503 3601; x_wconf 83' lang='lat' dir='ltr'>Longius</span> <span class='ocrx_word' id='word_1_223' title='bbox 528 3519 620 3581; x_wconf 89' lang='lat' dir='ltr'>etiam</span> <span class='ocrx_word' id='word_1_224' title='bbox 634 3518 788 3585; x_wconf 84' lang='lat' dir='ltr'>Studerus</span> <span class='ocrx_word' id='word_1_225' title='bbox 811 3541 1004 3604; x_wconf 85' lang='lat' dir='ltr'>progressus</span> <span class='ocrx_word' id='word_1_226' title='bbox 1030 3528 1086 3583; x_wconf 88' lang='lat' dir='ltr'>est.</span> <span class='ocrx_word' id='word_1_227' title='bbox 1130 3518 1160 3582; x_wconf 88' lang='lat' dir='ltr'>Is</span> <span class='ocrx_word' id='word_1_228' title='bbox 1172 3518 1255 3581; x_wconf 91' lang='lat' dir='ltr'>enim</span> <span class='ocrx_word' id='word_1_229' title='bbox 1269 3518 1301 3580; x_wconf 90' lang='lat' dir='ltr'>in</span> <span class='ocrx_word' id='word_1_230' title='bbox 1321 3517 1454 3602; x_wconf 83' lang='lat' dir='ltr'>egregia</span> 
     </span>
     <span class='ocr_line' id='line_1_31' title="bbox 361 3618 1448 3700; baseline 0 -19"><span class='ocrx_word' id='word_1_231' title='bbox 361 3618 624 3681; x_wconf 87' lang='lat' dir='ltr'>commentatione</span> <span class='ocrx_word' id='word_1_232' title='bbox 658 3618 792 3700; x_wconf 88' lang='lat' dir='ltr'>„Ueber</span> <span class='ocrx_word' id='word_1_233' title='bbox 823 3619 877 3683; x_wconf 80' lang='lat' dir='ltr'>clas</span> <span class='ocrx_word' id='word_1_234' title='bbox 900 3619 1051 3683; x_wconf 89' lang='lat' dir='ltr'>Zeitalter</span> <span class='ocrx_word' id='word_1_235' title='bbox 1081 3621 1137 3684; x_wconf 89' lang='lat' dir='ltr'>des</span> <span class='ocrx_word' id='word_1_236' title='bbox 1163 3620 1331 3683; x_wconf 89' lang='lat' dir='ltr'>Petronius</span> <span class='ocrx_word' id='word_1_237' title='bbox 1353 3618 1448 3683; x_wconf 89' lang='lat' dir='ltr'>Arbi-</span> 
     </span>
     <span class='ocr_line' id='line_1_32' title="bbox 357 3709 1454 3806; baseline 0.004 -25"><span class='ocrx_word' id='word_1_238' title='bbox 357 3713 431 3781; x_wconf 79' lang='lat' dir='ltr'>‘ter“</span> <span class='ocrx_word' id='word_1_239' title='bbox 451 3717 533 3782; x_wconf 81' lang='lat' dir='ltr'>Nor.</span> <span class='ocrx_word' id='word_1_240' title='bbox 557 3718 636 3783; x_wconf 84' lang='lat' dir='ltr'>lllus.</span> <span class='ocrx_word' id='word_1_241' title='bbox 666 3718 810 3785; x_wconf 82' lang='lat' dir='ltr'>Rhenau.</span> <span class='ocrx_word' id='word_1_242' title='bbox 842 3721 896 3784; x_wconf 91' lang='lat' dir='ltr'>vol</span> <span class='ocrx_word' id='word_1_243' title='bbox 918 3721 959 3785; x_wconf 92' lang='lat' dir='ltr'>Il.</span> <span class='ocrx_word' id='word_1_244' title='bbox 987 3743 1018 3806; x_wconf 91' lang='lat' dir='ltr'>p.</span> <span class='ocrx_word' id='word_1_245' title='bbox 1040 3721 1082 3785; x_wconf 81' lang='lat'>50</span> <span class='ocrx_word' id='word_1_246' title='bbox 1102 3743 1153 3806; x_wconf 54' lang='lat' dir='ltr'>sq,</span> <span class='ocrx_word' id='word_1_247' title='bbox 1172 3709 1233 3785; x_wconf 78' lang='lat'>202</span> <span class='ocrx_word' id='word_1_248' title='bbox 1257 3714 1302 3806; x_wconf 86' lang='lat' dir='ltr'>sq.</span> <span class='ocrx_word' id='word_1_249' title='bbox 1336 3715 1454 3784; x_wconf 84' lang='lat' dir='ltr'>inserta</span> 
     </span>
    </p>
   </div>
   <div class='ocr_carea' id='block_1_3' title="bbox 357 4011 1478 4518">
    <p class='ocr_par' dir='ltr' id='par_1_5' title="bbox 357 4011 1478 4518">
     <span class='ocr_line' id='line_1_33' title="bbox 359 4011 1454 4085; baseline 0.006 -21"><span class='ocrx_word' id='word_1_250' title='bbox 359 4015 444 4079; x_wconf 81' lang='lat' dir='ltr'>„iuter</span> <span class='ocrx_word' id='word_1_251' title='bbox 463 4013 589 4082; x_wconf 83' lang='lat' dir='ltr'>angulo</span> <span class='ocrx_word' id='word_1_252' title='bbox 602 4013 638 4065; x_wconf 86' lang='lat' dir='ltr'>s“.</span> <span class='ocrx_word' id='word_1_253' title='bbox 658 4030 681 4064; x_wconf 94' lang='lat' dir='ltr'>c.</span> <span class='ocrx_word' id='word_1_254' title='bbox 698 4011 742 4077; x_wconf 82' lang='lat'>27,</span> <span class='ocrx_word' id='word_1_255' title='bbox 757 4013 773 4066; x_wconf 87' lang='lat'>6</span> <span class='ocrx_word' id='word_1_256' title='bbox 793 4022 950 4078; x_wconf 84' lang='lat' dir='ltr'>„exonerata</span> <span class='ocrx_word' id='word_1_257' title='bbox 970 4015 1040 4066; x_wconf 85' lang='lat' dir='ltr'>illa</span> <span class='ocrx_word' id='word_1_258' title='bbox 1059 4016 1176 4068; x_wconf 83' lang='lat' dir='ltr'>vesiea“.</span> <span class='ocrx_word' id='word_1_259' title='bbox 1196 4034 1255 4085; x_wconf 85' lang='lat' dir='ltr'>cap.</span> <span class='ocrx_word' id='word_1_260' title='bbox 1274 4018 1317 4083; x_wconf 79' lang='lat'>28,</span> <span class='ocrx_word' id='word_1_261' title='bbox 1334 4018 1350 4071; x_wconf 85' lang='grc'><strong>9</strong></span> <span class='ocrx_word' id='word_1_262' title='bbox 1377 4021 1454 4084; x_wconf 82' lang='lat' dir='ltr'>„pica</span> 
     </span>
     <span class='ocr_line' id='line_1_34' title="bbox 361 4100 1478 4171; baseline 0.007 -21"><span class='ocrx_word' id='word_1_263' title='bbox 361 4103 464 4152; x_wconf 84' lang='lat' dir='ltr'>vario</span> <span class='ocrx_word' id='word_1_264' title='bbox 486 4104 616 4153; x_wconf 84' lang='lat' dir='ltr'>intrantes</span> <span class='ocrx_word' id='word_1_265' title='bbox 635 4100 789 4152; x_wconf 80' lang='lat' dir='ltr'>salutabat“.</span> <span class='ocrx_word' id='word_1_266' title='bbox 811 4117 867 4168; x_wconf 84' lang='lat' dir='ltr'>cap.</span> <span class='ocrx_word' id='word_1_267' title='bbox 881 4100 1070 4167; x_wconf 87' lang='lat' dir='ltr'>34,7„verum</span> <span class='ocrx_word' id='word_1_268' title='bbox 1091 4120 1169 4156; x_wconf 81' lang='lat' dir='ltr'>esse</span> <span class='ocrx_word' id='word_1_269' title='bbox 1190 4103 1358 4171; x_wconf 86' lang='lat' dir='ltr'>Opimianum</span> <span class='ocrx_word' id='word_1_270' title='bbox 1374 4118 1454 4171; x_wconf 83' lang='lat' dir='ltr'>pree·</span> <span class='ocrx_word' id='word_1_271' title='bbox 1476 4163 1478 4168; x_wconf 20' lang='lat' dir='ltr'><strong>f</strong></span> 
     </span>
     <span class='ocr_line' id='line_1_35' title="bbox 357 4186 1453 4258; baseline 0.01 -22"><span class='ocrx_word' id='word_1_272' title='bbox 357 4186 422 4238; x_wconf 82' lang='lat' dir='ltr'>sto“.</span> <span class='ocrx_word' id='word_1_273' title='bbox 450 4203 506 4252; x_wconf 86' lang='lat' dir='ltr'>cap.</span> <span class='ocrx_word' id='word_1_274' title='bbox 533 4187 623 4251; x_wconf 78' lang='lat'>82‚5</span> <span class='ocrx_word' id='word_1_275' title='bbox 651 4189 712 4256; x_wconf 75' lang='lat' dir='ltr'>„qui</span> <span class='ocrx_word' id='word_1_276' title='bbox 735 4197 873 4257; x_wconf 84' lang='lat' dir='ltr'>postquam</span> <span class='ocrx_word' id='word_1_277' title='bbox 902 4190 1071 4241; x_wconf 84' lang='lat' dir='ltr'>conturbavit</span> <span class='ocrx_word' id='word_1_278' title='bbox 1098 4192 1243 4243; x_wconf 82' lang='lat' dir='ltr'>omnie“.</span> <span class='ocrx_word' id='word_1_279' title='bbox 1273 4209 1329 4258; x_wconf 76' lang='lat' dir='ltr'>cup,</span> <span class='ocrx_word' id='word_1_280' title='bbox 1355 4191 1453 4258; x_wconf 76' lang='lat'>109,5</span> 
     </span>
     <span class='ocr_line' id='line_1_36' title="bbox 358 4273 1452 4348; baseline 0.007 -24"><span class='ocrx_word' id='word_1_281' title='bbox 358 4274 453 4341; x_wconf 87' lang='lat' dir='ltr'>epulae</span> <span class='ocrx_word' id='word_1_282' title='bbox 485 4273 524 4324; x_wconf 91' lang='lat' dir='ltr'>ob</span> <span class='ocrx_word' id='word_1_283' title='bbox 555 4282 687 4326; x_wconf 84' lang='lat' dir='ltr'>certamen</span> <span class='ocrx_word' id='word_1_284' title='bbox 708 4275 853 4341; x_wconf 85' lang='lat' dir='ltr'>prolatae“.</span> <span class='ocrx_word' id='word_1_285' title='bbox 879 4293 936 4343; x_wconf 89' lang='lat' dir='ltr'>cap.</span> <span class='ocrx_word' id='word_1_286' title='bbox 964 4276 1060 4342; x_wconf 82' lang='lat'>110,5</span> <span class='ocrx_word' id='word_1_287' title='bbox 1087 4277 1314 4330; x_wconf 84' lang='lat' dir='ltr'>flavicomum</span> <span class='ocrx_word' id='word_1_288' title='bbox 1345 4297 1452 4348; x_wconf 79' lang='lat' dir='ltr'>corym-</span> 
     </span>
     <span class='ocr_line' id='line_1_37' title="bbox 358 4360 1452 4435; baseline 0.007 -22"><span class='ocrx_word' id='word_1_289' title='bbox 358 4361 448 4414; x_wconf 89' lang='lat' dir='ltr'>bion“.</span> <span class='ocrx_word' id='word_1_290' title='bbox 469 4378 526 4429; x_wconf 89' lang='lat' dir='ltr'>cap.</span> <span class='ocrx_word' id='word_1_291' title='bbox 546 4360 606 4427; x_wconf 88' lang='grc'>114,</span> <span class='ocrx_word' id='word_1_292' title='bbox 626 4363 642 4415; x_wconf 92' lang='grc'>8</span> <span class='ocrx_word' id='word_1_293' title='bbox 664 4363 806 4429; x_wconf 84' lang='lat' dir='ltr'>„Gitoni</span> <span class='ocrx_word' id='word_1_294' title='bbox 831 4366 1001 4432; x_wconf 84' lang='lat' dir='ltr'>applicitus“.</span> <span class='ocrx_word' id='word_1_295' title='bbox 1021 4383 1080 4434; x_wconf 84' lang='lat' dir='ltr'>cup.</span> <span class='ocrx_word' id='word_1_296' title='bbox 1102 4365 1193 4433; x_wconf 88' lang='lat'>133,1</span> <span class='ocrx_word' id='word_1_297' title='bbox 1218 4384 1344 4435; x_wconf 83' lang='lat' dir='ltr'>„vacua</span> <span class='ocrx_word' id='word_1_298' title='bbox 1370 4371 1452 4435; x_wconf 86' lang='lat' dir='ltr'>pudi-</span> 
     </span>
     <span class='ocr_line' id='line_1_38' title="bbox 359 4449 566 4518; baseline 0 -17"><span class='ocrx_word' id='word_1_299' title='bbox 359 4465 444 4518; x_wconf 76' lang='lat' dir='ltr'>caque</span> <span class='ocrx_word' id='word_1_300' title='bbox 462 4449 566 4502; x_wconf 88' lang='lat' dir='ltr'>nocte“.</span> 
     </span>
    </p>
   </div>
   <div class='ocr_carea' id='block_1_4' title="bbox 0 0 1776 5292">
    <p class='ocr_par' dir='ltr' id='par_1_6' title="bbox 0 0 1776 5292">
     <span class='ocr_line' id='line_1_39' title="bbox 0 0 1776 5292; baseline 0 0"><span class='ocrx_word' id='word_1_301' title='bbox 0 0 1776 5292; x_wconf 95' lang='lat' dir='ltr'> </span> 
     </span>
    </p>
   </div>
  </div>
 </body>
</html>
