3542 5292
868 552 909 616 39

332 731 365 796 in
387 739 525 797 mentem
550 729 655 794 veniat
687 752 815 794 serrum
837 731 946 814 illum,
971 755 1066 818 quem
1089 733 1284 799 Trimalchio
1309 759 1381 801 cum
1404 738 1435 801 vi
1484 773 1488 779 ·

334 833 470 918 quadam
493 834 622 912 ,suum“
650 830 792 895 dicatae
819 831 928 915 magni
951 832 1043 897 faciat
1076 833 1299 900 comissatione
1325 835 1380 901 illa
1405 838 1437 902 in

334 933 490 996 honorem
517 930 583 995 eius
607 930 781 1016 proposita,
806 930 935 996 delicias
960 933 1081 996 domini
1103 933 1222 1015 fuisse,
1254 935 1327 1001 ideo
1359 937 1453 1002 mihi·

334 1058 400 1100 non
413 1035 528 1120 placet,
542 1033 629 1117 quod
645 1034 833 1097 vocabulum
855 1039 1004 1114 ,servus“
1022 1034 1120 1098 talem
1141 1035 1284 1100 favorem
1305 1035 1434 1102 minime

335 1137 451 1224 prodit.
505 1133 717 1202 Scribendum
749 1143 848 1219 puto:
871 1134 987 1216 ,hodie
1024 1133 1204 1200 Croesus
1239 1142 1366 1217 meus“;
1395 1137 1438 1202 ita

334 1240 420 1304 enim
444 1234 637 1299 Trimalchio
661 1234 790 1298 delicias
810 1255 883 1298 suas
906 1235 1048 1321 adpellat
1073 1259 1140 1322 cap.
1164 1237 1214 1319 64,
1227 1238 1258 1320 5,
1270 1239 1301 1302 6.
1327 1238 1435 1324 Atque

336 1338 486 1404 facillime
499 1334 679 1417 ,Oroesns“
702 1335 755 1398 rel
781 1339 926 1416 ,cresus“
949 1335 1037 1398 utin
1060 1335 1259 1420 Tragurianc
1281 1338 1434 1424 scriptum

335 1449 399 1520 est,
433 1436 545 1501 litteris
580 1435 779 1521 transpositis
813 1435 845 1498 in
874 1442 1025 1525 ,servus“
1055 1437 1190 1501 transire
1226 1439 1346 1523 potnit
1384 1439 1435 1504 Ex

336 1537 444 1605 verbis
468 1546 583 1621 ,tango
607 1541 734 1600 menas“
757 1536 931 1600 Munkerus
954 1537 1161 1601 efficiendum
1185 1540 1307 1622 putavit
1333 1539 1432 1623 ra'yyw

337 1637 523 1718 πνεύμονας,
542 1637 585 1701 ita
608 1646 642 1700 ut
654 1635 847 1700 Trimalchio
858 1637 970 1701 Alcaei
993 1638 1146 1701 canticum
1170 1639 1328 1724 respiciat,
1351 1642 1437 1724 quod

340 1739 452 1825 incipit
485 1738 612 1802 verbis:
647 1734 744 1819 'l's'yys
780 1734 939 1816 πνεύμονα
971 1739 1001 1803 Γ
1002 1738 1085 1822 οἴνῳ.
1139 1740 1178 1802 cf.
1206 1739 1319 1805 Alcaei
1352 1742 1438 1826 frag-

334 1848 430 1905 ment.
458 1839 499 1904 39
523 1838 644 1923 Bergk.
691 1837 782 1916 Quae
814 1837 985 1923 ingeniosa
1018 1838 1199 1904 coniectura
1235 1863 1300 1905 non
1338 1841 1437 1904 omni·

335 1943 394 2007 bns
415 1939 557 2004 numeris
577 1938 721 2003 absoluta
731 1939 809 2000 mihi
827 1938 970 2002 videtur·
983 1938 1109 2003 Etenim
1135 1963 1207 2005 cum
1230 1941 1310 2005 illud
1323 1952 1437 2028 ,tango

332 2045 460 2106 menas“
493 2040 607 2104 eodem
638 2038 866 2102 sententiarum
897 2061 1022 2104 conexu
1058 2041 1239 2127 eodemque
1273 2043 1371 2108 modo
1405 2044 1437 2108 in

335 2139 536 2226 Traguriano
561 2148 723 2204 exaratum
747 2137 839 2201 etiam
866 2161 933 2223 cap.
955 2139 1007 2220 34,
1030 2141 1047 2202 l
1071 2140 1209 2226 legatur,
1234 2164 1298 2206 non
1320 2144 1436 2228 proba·

339 2241 405 2308 bilo
429 2248 477 2305 est
505 2239 669 2305 librarium
704 2239 828 2302 duobus
856 2239 934 2303 locis
970 2239 1001 2301 in
1026 2241 1165 2305 eundem
1189 2264 1332 2308 errorem
1358 2243 1434 2308 inci-

333 2342 436 2420 disse3
468 2341 574 2425 itaque
603 2339 737 2404 Heinsio
770 2339 941 2419 adsentior,
969 2339 1022 2424 qui
1046 2339 1169 2407 Graeca
1199 2342 1253 2407 illa
1276 2345 1433 2409 vocabula

332 2440 440 2528 plebis
460 2440 601 2505 ludibrio
625 2440 749 2503 detorta
770 2459 843 2503 esse
868 2449 985 2504 censet.
1030 2440 1115 2504 Illud
1138 2442 1368 2522 „barbatoriam
1392 2443 1436 2508 fa·

334 2541 412 2609 cies
431 2537 695 2623 *Tragurianus
720 2539 951 2620 ,habetoriaffl
966 2575 1006 2586 -
1022 2539 1139 2623 glossis
1164 2540 1321 2627 Stephani
1343 2551 1437 2628 atque

333 2643 476 2710 Lebbaei
497 2646 535 2708 ab
560 2641 692 2706 Heinsio
720 2641 831 2706 adlatis
854 2642 1051 2706 inlustratur:
1081 2642 1304 2722 ,Barbatoria“
1328 2665 1434 2726 naryc-

331 2749 523 2828 noncupata,
555 2742 806 2825 πωγοννκουριά.
830 2742 869 2806 cf.
894 2740 1020 2808 Graeca
1041 2744 1149 2807 vocab.
1182 2741 1333 2828 Denique
1361 2743 1437 2829 quid

332 2843 413 2910 illud
438 2843 622 2926 ,micarius“
649 2841 709 2906 sibi
734 2841 826 2922 velit,
858 2842 892 2905 id
916 2843 1073 2907 incertum
1098 2842 1253 2926 relinquo.
1297 2840 1379 2907 Nam
1399 2852 1434 2906 ut

331 2944 465 3009 aliorum
492 2950 669 3008 commenta
694 2941 842 3023 omittam,
867 2941 991 3006 Heinsii
1022 2943 1196 3029 explicatio
1222 2944 1295 3027 ,qui
1317 2944 1435 3010 victum

332 3044 393 3109 sibi
431 3051 521 3127 parat
553 3041 594 3106 dc
629 3041 718 3106 micis
751 3065 769 3106 e
801 3063 913 3107 mensa
940 3043 1033 3106 herili
1064 3043 1233 3127 proiectis“
1256 3044 1351 3109 huius
1372 3044 1437 3110 loci

332 3143 508 3208 sententiae
529 3164 643 3227 parum
667 3151 878 3206 consentanea
900 3153 948 3206 est
967 3164 1073 3226 neque
1095 3144 1128 3205 in
1159 3143 1203 3208 cis
1225 3144 1435 3228 adquiescere

333 3265 474 3330 possum,
496 3264 576 3328 quae
600 3242 677 3306 mihi
700 3242 761 3328 ipsi
783 3242 817 3306 in
839 3252 980 3306 mentem
1003 3254 1168 3308 venerunt.

375 3343 453 3430 Cap.
463 3344 512 3424 74,
524 3345 543 3408 8
554 3343 802 3426 ,Hincprimum
811 3342 951 3407 hilaritas
962 3353 1069 3408 nostra
1080 3346 1203 3410 turbata
1213 3354 1269 3428 est,
1279 3369 1352 3411 nam
1362 3369 1433 3414 curn

332 3468 415 3533 puer
437 3466 501 3509 non
523 3443 722 3530 inspeciosus
746 3443 828 3509 inter
849 3466 949 3509 novos
969 3444 1117 3509 intrasset
1135 3446 1306 3530 ministros,
1320 3449 1436 3514 invasit

334 3567 407 3609 eum
417 3543 611 3609 Trimalchio
631 3553 662 3608 et
682 3543 817 3608 osculari
836 3544 951 3607 diutius
966 3545 1098 3630 coopid‘.
1120 3545 1195 3611 Non
1206 3557 1282 3632 puto
1294 3546 1437 3613 Petronii

335 3665 405 3710 esse
427 3644 615 3710 adverbium
637 3643 801 3726 ,diutius“,
827 3645 914 3729 quod
928 3665 1033 3730 neque
1048 3669 1118 3710 cnm
1131 3649 1306 3728 ,osculari“
1330 3671 1436 3736 neque

334 3769 406 3813 cum
430 3745 572 3831 ,coepit‘
602 3755 675 3830 apte
706 3745 857 3830 coniungi
879 3755 996 3831 potest.
1044 3746 1193 3812 Conicio:
1227 3758 1278 3830 ,et
1300 3751 1435 3816 osculari

332 3847 511 3912 avidius
548 3845 682 3931 coepit‘.
728 3846 943 3911 ¹Adiectivum
978 3847 1212 3932 „inspeciosuslv
1235 3861 1271 3915 nt
1293 3852 1431 3918 editores

332 3946 611 4029 animadvertunt,
647 3969 801 4031 nusquam
830 3947 892 4011 nisi
925 3948 1011 4033 apud
1044 3948 1230 4014 Petronium
1263 3951 1434 4018 invenitur.

376 4045 456 4133 Cap.
480 4048 582 4129 77‚4
616 4047 765 4130 ,Interim
804 4049 879 4112 dum
908 4047 1084 4114 Mercurius
1107 4049 1242 4136 vigilat,
1269 4053 1435 4120 aedificavi

333 4149 416 4214 hanc
441 4138 581 4231 domum,
604 4159 639 4214 ut
659 4149 743 4214 scitis
768 4174 864 4216 cusue
886 4161 962 4232 erat,
988 4174 1072 4217 nunc
1093 4153 1249 4241 templum
1272 4159 1347 4218 esr‘.
1370 4155 1433 4221 Pro

267 4267 270 4278 ·
332 4255 466 4332 ,cusuc“
505 4272 547 4316 ex
578 4251 757 4316 coniectura
779 4251 941 4318 Schelieri
963 4252 1063 4339 vulgo
1084 4253 1205 4339 legitur
1228 4255 1381 4338 ,casula“,
1401 4257 1435 4321 in

332 4373 395 4437 quo
434 4353 563 4416 invento
604 4351 720 4417 iniuria
755 4374 865 4418 omnes
904 4354 1159 4440 adquieverunt,
1197 4378 1260 4420 uno
1294 4367 1433 4445 excepto

332 4449 469 4536 Orellio,
507 4453 578 4520 lect.
613 4453 741 4518 Petron.
779 4477 809 4539 p.
833 4457 862 4519 7.
906 4455 937 4521 [s
968 4456 1050 4523 enim
1085 4480 1156 4523 oum
1187 4481 1228 4524 ex
1256 4468 1434 4526 monstrosa
